3682 5138
280 988 343 1050 lam
369 984 480 1049 litteris
505 980 688 1047 mandanda
712 990 786 1045 sunt
810 1000 895 1068 quae
927 978 967 1044 de
997 976 1227 1044 certaminibus
1257 976 1445 1043 eruditionis
1470 997 1487 1042 a
1513 977 1648 1042 commi-

193 1100 345 1167 litonibus
370 1098 487 1164 nostris
517 1108 549 1162 et
577 1097 658 1162 initis
684 1107 715 1162 et
745 1095 894 1161 ineundis
926 1093 978 1159 die
1009 1095 1147 1159 XXllllll
1171 1116 1212 1157 m.
1242 1093 1359 1180 Aprilis
1391 1091 1486 1156 huius
1518 1093 1591 1157 anni
1616 1091 1645 1156 in

178 1217 293 1284 sacris
317 1213 547 1282 anniuersariis
572 1211 794 1277 Vniuersitatis
819 1220 949 1275 nostrae
970 1210 1029 1275 rite
1047 1208 1285 1287 concelebratis
1311 1231 1370 1295 pro
1394 1209 1545 1273 contione
1569 1227 1647 1294 pro-

190 1331 348 1400 nuntiauit
368 1331 422 1396 Vir
445 1330 577 1395 Summe
602 1326 817 1392 Reuerendus
842 1325 895 1414 qui
922 1345 1006 1391 nunc
1031 1324 1277 1392 Vniuersitatem
1304 1335 1446 1390 nostram
1472 1323 1567 1409 regit:
1717 1305 1724 1315 ⁸

249 1498 250 1501 ’
282 1499 515 1578 Quaestionem
533 1496 574 1563 ab
592 1497 737 1562 Ordine
756 1495 1034 1581 Theologorum
1060 1494 1101 1560 de
1125 1494 1266 1560 lontibus
1292 1505 1323 1559 et
1347 1494 1471 1580 origine
1492 1493 1645 1559 librorum

192 1616 350 1682 Samuelis
377 1626 408 1680 et
431 1615 555 1700 Regum
581 1611 780 1698 propositam
805 1610 860 1698 qui
884 1620 1038 1675 tractaret
1061 1611 1210 1675 inuentus
1236 1621 1286 1674 cst
1309 1632 1416 1676 nemo.

280 1785 435 1850 Ordinis
470 1782 801 1867 Philosophorum
837 1781 972 1846 Sectio
1005 1783 1016 1844 l
1046 1801 1130 1877 quae
1165 1781 1388 1868 postulauerat
1423 1791 1457 1846 ut
1492 1778 1645 1845 historiae

190 1902 421 1988 imperatorum
446 1901 663 1963 Romanorum
688 1897 763 1962 inde
789 1917 806 1961 a
831 1898 959 1962 Neruae
985 1896 1082 1961 initiis
1106 1918 1212 1983 usque
1243 1895 1283 1962 ad
1308 1895 1543 1961 Diocletianum
1569 1917 1645 1983 pars

190 2016 297 2105 aliqua
322 2015 418 2080 certis
437 2013 553 2079 finibus
571 2013 815 2098 circumscripta
833 2011 874 2077 ad
892 2011 1053 2077 annalium
1070 2011 1226 2077 rationem
1252 2023 1405 2079 accurate
1430 2023 1645 2086 enarraretur,

189 2153 285 2197 unam
311 2130 439 2216 accepit
463 2129 723 2195 dissertationem
752 2150 806 2194 res
839 2127 880 2192 ab
913 2128 1107 2213 imperatore
1133 2130 1268 2194 Traiano
1301 2139 1410 2214 gestas
1442 2140 1644 2195 enarrantem

190 2246 242 2310 cui
265 2245 348 2311 haec
373 2245 505 2331 Eutropi
536 2242 637 2310 uerba
662 2244 815 2329 inscripta
841 2255 947 2308 erant:
989 2244 1112 2308 »Huius
1142 2255 1263 2309 tantum
1294 2246 1471 2310 memoriae
1504 2245 1645 2310 delatum

190 2373 297 2426 estut
321 2361 484 2450 usquead
511 2371 652 2425 nostram
679 2370 816 2424 aetatem
842 2379 906 2424 nou
931 2358 1022 2423 aliter
1046 2359 1076 2424 in
1101 2372 1214 2424 senatu
1233 2360 1432 2447 principibus
1449 2360 1647 2426 acclametur

190 2476 247 2542 nisi
274 2476 410 2542 Felicior
435 2480 589 2562 Augusto,
614 2475 728 2540 melior
745 2473 919 2540 Traiano«
950 2475 1039 2540 Hanc
1056 2476 1200 2561 proemio
1219 2476 1347 2562 dignam
1374 2476 1527 2541 iudicauit
1544 2477 1644 2541 sectio
1751 2479 1752 2482 ’

189 2589 250 2656 hac
275 2593 434 2658 sententia
459 2592 538 2657 lata:

280 2734 367 2798 »Die
397 2733 527 2799 Section
560 2731 660 2797 findet
692 2730 744 2798 die
773 2741 866 2797 unter
895 2732 968 2798 dem
1001 2734 1116 2798 Metto:
1158 2732 1284 2797 nlluius
1314 2744 1434 2798 tantum
1467 2735 1644 2801 memoriae

190 2848 330 2915 delatum
355 2861 431 2914 est«
466 2860 527 2914 etc.
558 2847 790 2935 cingereichte‚
812 2827 881 2914 die
908 2847 1239 2935 Regierungsepoohe
1277 2848 1336 2914 des
1370 2850 1501 2915 Kaisers
1531 2851 1644 2916 Traian
1680 2928 1682 2932 Ι

189 2963 419 3031 behandelnde
444 2964 554 3030 Arbeit
579 2964 641 3028 den
671 2963 905 3051 Bedingungen
935 2965 994 3029 der
1022 2963 1254 3050 Preisaulgabe
1286 2964 1537 3052 entsprechend.
1587 2967 1644 3032 Die

188 3080 421 3146 litterarischen
446 3079 511 3145 und
537 3079 798 3145 monumentalen
816 3078 953 3156 Ouellen
976 3079 1025 3142 lh'r
1049 3079 1112 3143 den
1137 3078 1314 3165 gewiihlten
1340 3080 1547 3166 Gegenstand
1572 3082 1643 3148 sind

189 3196 383 3282 vollst'aindig
408 3195 471 3260 und
497 3194 724 3282 gewissenhalt
747 3193 892 3274 benutzt;
922 3193 1113 3280 Forschung
1138 3195 1201 3259 und
1228 3193 1345 3260 Urtheil
1372 3197 1431 3261 des
1458 3197 1643 3264 Verlassers

189 3310 456 3396 sindgriindlich
480 3311 545 3376 und
572 3309 816 3396 selbststandig3
843 3309 896 3374 die
920 3309 1125 3396 Darstellung
1154 3309 1194 3374 ist
1223 3310 1293 3375 lrlar
1324 3311 1388 3376 und
1415 3311 1643 3382 iibersichtlich

189 3428 366 3512 geordnet‚
398 3446 490 3492 wenn
522 3427 568 3490 sio
602 3425 683 3492 auch
717 3424 767 3490 hio
800 3425 864 3491 und
891 3425 931 3491 da
955 3425 1027 3490 eine
1052 3427 1190 3513 gewisse
1216 3426 1440 3514 Gelenkigheit
1463 3432 1643 3498 vermissen

189 3545 277 3610 liisst.
327 3543 384 3608 Die
414 3543 543 3608 Section
574 3542 699 3607 ertheilt
729 3539 889 3607 demnach
918 3540 977 3607 der
1000 3540 1109 3606 Arbeit
1141 3542 1196 3606 mit
1220 3542 1449 3631 Belriedigung
1478 3545 1542 3612 den
1567 3567 1644 3613 aus-

188 3671 353 3746 gesetzten
380 3658 611 3745 Hauptpreis.«

277 3801 440 3868 Schedula
466 3800 596 3889 publice
621 3800 763 3866 rescissa
788 3812 902 3866 auctor
925 3799 1018 3866 huius
1044 3799 1278 3866 dissertationis
1303 3799 1452 3867 inuentus
1478 3815 1527 3869 est

342 4007 519 4072 IOANNES
543 4006 756 4082 fflERAVER,
778 4005 1026 4083 Berneccensis‚
1057 4008 1283 4099 philosophiae
1308 4015 1484 4080 studiosus.

219 4256 225 4267 ’
277 4264 435 4330 Ordinis
453 4264 783 4352 Philosophorum
805 4264 981 4331 Sectioni
1002 4267 1032 4331 ll
1050 4290 1133 4355 quae
1151 4270 1194 4335 de
1211 4271 1294 4337 acidi
1311 4272 1501 4339 ammoniaci
1519 4275 1641 4342 salibus

188 4380 300 4469 quaeri
325 4380 474 4451 iusserat.
500 4402 563 4447 una
590 4381 703 4447 tradita
739 4391 789 4446 est
822 4380 1007 4448 dissertatio
1040 4383 1202 4450 uocabulo
1240 4387 1306 4451 ‘Ein
1330 4389 1642 4474 Anla'ngerrersuch'

188 4495 344 4583 insignita,
370 4516 467 4583 quam
502 4496 556 4583 qui
591 4497 719 4584 scripsit
749 4496 903 4564 laudabili
937 4497 1068 4585 quidem
1094 4499 1201 4567 studio
1226 4522 1265 4583 ao
1291 4501 1455 4589 diligentia
1479 4516 1512 4571 at
1534 4528 1640 4571 rerum
