3682 5138
785 350 825 363 -
872 334 935 381 v111
982 352 1021 362 ·-

180 513 309 578 uidetur
333 511 582 578 commentarius
615 543 651 552 -
684 510 826 576 Lactanti
850 510 971 576 Placidi
1001 530 1099 599 quem
1129 521 1250 577 uocant
1280 511 1481 581 narrationes
1508 513 1633 580 fabula-

181 651 251 694 rum
276 649 361 717 quae
386 628 414 692 in
439 628 473 692 P.
491 625 587 692 Ouidi
604 626 741 691 Nasonis
768 626 854 692 libris
871 628 925 692 XV
942 627 1246 714 Metamorphoseon
1272 640 1449 695 occurrunt
1467 659 1506 671 -»
1522 628 1549 694 is
1574 629 1633 696 ali-

181 745 331 832 quotiens
356 764 436 808 sane
460 763 534 808 cum
559 741 605 806 cis
631 763 716 830 quae
742 741 852 808 Vibius
876 742 1006 829 scripsit
1029 741 1069 808 ita
1094 744 1255 819 conuenit,
1289 754 1324 811 ut
1354 743 1416 811 hoo
1448 745 1519 832 ipso
1540 744 1632 812 libro
1738 807 1740 812 .

178 859 304 926 Vibium
329 880 422 924 usum
448 879 524 923 csso
549 848 746 923 dixeris'At
770 858 795 922 si
821 858 930 944 paullo
955 859 1138 924 accuratius
1162 859 1193 924 in
1217 858 1300 925 hanc
1324 881 1391 925 rom
1417 861 1631 949 inquisiucris

176 996 290 1041 omnes
315 976 407 1040 locos
432 974 461 1038 in
487 973 606 1061 quihus
631 974 774 1038 Lactanti
803 974 885 1038 illius
916 973 942 1037 si
968 974 1028 1040 diis
1054 975 1161 1060 placet
1185 974 1286 1041 uerba
1303 975 1375 1062 ipsa
1399 995 1473 1041 curn
1492 975 1632 1043 Vibianis

176 1092 243 1158 sero
267 1091 480 1164 consentiunt,
507 1089 536 1155 in
561 1088 642 1155 libro
659 1091 713 1156 XV
738 1089 948 1154 commentari
973 1090 1055 1155 illius
1088 1090 1223 1156 inucniri
1248 1089 1375 1159 uidebis
1389 1088 1412 1177 ¹)
1444 1113 1542 1179 quern
1572 1089 1632 1157 lib-

176 1229 256 1283 rum,
283 1228 357 1273 curn
383 1206 412 1271 in
437 1205 607 1272 codicibus
626 1205 763 1293 antiquis
782 1206 834 1293 qui
859 1206 1124 1284 commentarium
1151 1206 1237 1271 illum
1262 1218 1436 1272 soruarunt
1460 1207 1632 1274 desidere-

176 1335 235 1400 tur,
262 1345 326 1389 non
351 1333 414 1387 tarn
440 1322 560 1409 antiqui
586 1321 768 1386 litteratoris
793 1343 876 1407 opus
902 1342 999 1410 quam
1024 1333 1195 1388 centonem
1221 1343 1239 1388 a
1263 1325 1387 1389 loanna
1413 1317 1561 1389 Raincrio
1593 1345 1632 1388 ex

176 1439 265 1527 Regii
291 1439 427 1503 manime
453 1437 691 1503 commentariis
711 1450 887 1502 consutum
913 1458 988 1503 esse
1014 1438 1124 1503 docuit
1148 1438 1286 1504 Thomas
1303 1430 1458 1504 blunt-ker
1481 1440 1510 1504 in
1536 1459 1631 1527 prae-

176 1555 294 1621 latione
318 1567 404 1620 tomo
429 1553 519 1619 alteri
544 1553 852 1643 hlythographurum
877 1553 1060 1619 latinorum
1089 1553 1130 1619 ah
1156 1554 1228 1640 ipso
1253 1554 1411 1620 editorum
1435 1554 1630 1641 praemissas

178 1671 218 1737 ita
244 1682 278 1736 ut
302 1693 375 1735 curn
401 1669 455 1757 qui
480 1668 565 1733 hunc
591 1668 704 1733 librum
730 1669 968 1734 consarcinauit
994 1669 1061 1734 Vibi
1087 1671 1194 1757 potius
1219 1670 1328 1737 lihello
1361 1694 1468 1747 usum,
1505 1671 1630 1738 Vibium

177 1800 285 1853 autem
318 1798 349 1850 ct
382 1784 463 1850 haec
493 1795 524 1850 et
553 1785 614 1849 alia
644 1805 684 1850 cx
713 1785 892 1872 antiquiore
923 1785 1077 1857 libroruin
1103 1785 1200 1851 Ouidi
1225 1787 1456 1852 commentario
1482 1787 1632 1853 hausisse

177 1903 385 1968 statuendum
410 1901 459 1966 sit.
505 1901 652 1987 Denique
678 1922 751 1965 cum
777 1901 817 1965 do
843 1900 1081 1966 commentariis
1098 1902 1151 1966 Sili
1170 1903 1266 1968 ltalici
1291 1923 1421 1968 carmen
1446 1903 1631 1969 illustranti·

176 2018 238 2085 hus
263 2040 281 2083 a
306 2018 397 2085 Vibio
422 2017 463 2082 ad
489 2015 604 2081 librum
629 2038 723 2082 snum
753 2018 993 2103 compilandum
1026 2015 1176 2082 adhibitis
1204 2016 1266 2082 iarn
1296 2039 1395 2104 supra
1428 2017 1548 2083 dictum
1582 2017 1629 2095 sit,

176 2145 276 2201 restat
299 2144 333 2199 ut
356 2154 415 2198 cos
433 2133 524 2198 locos
548 2132 728 2198 indicemus
753 2153 837 2219 quos
862 2133 949 2196 unde
966 2131 1110 2198 hauserit
1128 2131 1237 2198 Vibius
1262 2133 1406 2220 reperire
1431 2132 1525 2198 nobis
1550 2153 1631 2198 non-

177 2251 252 2318 dum
284 2249 424 2335 contigit.
472 2248 550 2315 Sunt
584 2259 691 2312 autern
723 2245 888 2312 [luminum
922 2249 1051 2315 nomina
1080 2246 1206 2314 haece:
1239 2248 1372 2314 Alcntus
1404 2254 1446 2335 lp.
1477 2249 1510 2325 2,
1540 2248 1569 2327 hl
1589 2243 1630 2328 2);

175 2364 303 2431 Asinius
330 2365 383 2447 (ih.
409 2361 589 2448 61311111)
617 2371 657 2450 lp.
684 2362 712 2440 3,
742 2364 772 2439 1,
798 2384 941 2452 quocum
965 2364 1148 2449 comparari
1173 2373 1281 2450 potest
1297 2359 1412 2438 ’Ἅλιος
1434 2363 1498 2428 uici
1526 2383 1630 2450 prope

129 2486 135 2496 “
176 2481 439 2548 Thessalonicam
476 2478 525 2545 siti
562 2500 679 2544 nomen
711 2487 792 2545 teste
821 2478 986 2565 Stephano
1010 2479 1165 2567 Byzantio
1195 2500 1221 2544 s.
1246 2477 1277 2544 h.
1301 2500 1348 2558 u.;
1385 2479 1445 2544 nisi
1475 2479 1555 2544 torte
1588 2477 1629 2545 de

176 2597 360 2684 corruptela
384 2595 492 2682 graeci
518 2594 655 2660 nominis
680 2594 767 2681 quod
793 2604 844 2660 cst
859 2594 990 2678 Apitcov
1014 2593 1253 2681 cogitandumst
1275 2615 1294 2660 a
1315 2594 1405 2662 Vihio
1430 2615 1471 2661 ex
1495 2605 1630 2660 auctore

177 2713 285 2800 aliquo
308 2709 402 2776 nohis
427 2710 536 2798 ignoto
560 2709 728 2794 repetita);
751 2707 915 2774 Achelous
939 2709 1021 2775 alter
1045 2708 1136 2796 (11.3,
1160 2707 1255 2793 As.);
1278 2710 1416 2776 Aternus
1443 2716 1484 2798 lp.
1507 2708 1537 2787 3,
1561 2706 1629 2793 16);

176 2826 347 2894 harbanna
372 2828 414 2913 (p.
431 2825 461 2902 4,
490 2823 536 2910 1);
559 2825 715 2892 Brictates
742 2824 786 2911 (p.
806 2821 837 2903 4,
855 2823 905 2909 3);
930 2824 1079 2891 Camicos
1105 2823 1153 2913 (p.v
1171 2827 1201 2904 4,
1227 2824 1263 2891 5:
1288 2827 1328 2892 of.
1344 2826 1446 2912 Antig.
1469 2824 1540 2892 hist.
1559 2825 1628 2891 mir.

176 2995 441 3007 aum-n·—

176 3109 226 3162 quc
248 3110 274 3162 p.
298 3093 414 3146 41-60
439 3092 559 3145 continet
584 3092 804 3145 commentarium
831 3092 866 3147 ad
891 3093 990 3147 Horati
1014 3096 1100 3147 artem
1122 3092 1256 3162 poeticam
1279 3096 1307 3147 et
1332 3093 1506 3163 epistolarum
1531 3092 1629 3146 librum

174 3183 291 3252 priorem
309 3181 355 3251 qui
378 3180 477 3235 desinit
496 3180 524 3233 in
543 3197 582 3249 ep.
601 3182 623 3245 I,
644 3183 686 3245 ll,
706 3181 748 3245 31,
773 3197 804 3234 ex
822 3198 873 3251 quo
892 3183 1084 3236 commentario
1102 3199 1187 3251 pauca
1205 3176 1336 3252 quaedam
1355 3182 1496 3251 exscripsit
1507 3181 1630 3238 ,Orellius

175 3273 204 3325 in
222 3288 331 3325 excursu
350 3269 384 3324 ad
403 3270 480 3339 epist.
499 3271 521 3334 Ι,
543 3271 573 3322 11
597 3269 635 3338 (p.
654 3271 706 3323 493
725 3270 766 3324 od.
784 3270 822 3338 ΙΙ)
842 3274 870 3324 11
888 3271 916 3324 in
933 3275 999 3324 nota
1017 3271 1052 3325 ad
1071 3274 1123 3325 art.
1141 3274 1213 3340 poet.
1233 3289 1257 3326 u.
1278 3273 1384 3325 146.
1404 3270 1530 3327 Codicom
1548 3287 1629 3324 mem·

175 3361 335 3414 brauaceum
361 3358 511 3414 Christiani
534 3359 641 3428 Rumpfi
663 3360 690 3412 in
715 3375 766 3428 quo
793 3360 866 3413 nuda
890 3362 996 3414 tantum
1021 3359 1213 3415 commentaria
1236 3361 1270 3415 ad
1290 3360 1371 3417 Ouidi
1393 3360 1523 3415 fastorum
1545 3360 1629 3414 libros

176 3449 381 3504 continebantur
400 3464 430 3501 ex
448 3448 480 3501 R.
498 3447 612 3502 Merkeli
630 3448 833 3516 Prolegomcnis
851 3449 888 3517 (p.
908 3447 1057 3518 odxoffl)
1075 3449 1147 3503 noni.

248 3535 268 3606 ¹)
306 3537 348 3593 Of.
367 3537 429 3596 adn.
448 3536 527 3606 adp.
546 3539 571 3602 3,
591 3536 637 3600 12;
659 3538 705 3602 14;
725 3538 750 3601 4,
772 3537 820 3602 18;
841 3540 865 3602 6,
887 3539 934 3603 ‘203
955 3538 997 3603 11,
1017 3538 1047 3603 4;
1069 3539 1115 3603 15;
1137 3538 1178 3604 12,
1198 3540 1228 3603 7;
1250 3538 1280 3603 9;
1299 3538 1346 3602 10;
1368 3538 1409 3602 13,
1430 3538 1471 3590 19.

247 3625 269 3694 ²)
306 3625 379 3692 Quae
398 3626 431 3680 de
448 3627 499 3679 hoc
517 3625 625 3679 flumine
649 3626 796 3680 Lucaniam
820 3643 836 3679 a
855 3627 1024 3681 Veliensibus
1048 3625 1185 3681 diuidente
1207 3625 1295 3680 tradit
1313 3626 1408 3680 Vibius
1432 3626 1536 3680 hauriri
1553 3628 1629 3695 pote·

176 3719 239 3769 rant
257 3732 271 3768 e
291 3716 481 3769 commentario
501 3715 591 3784 aliquo
611 3715 645 3768 ad
663 3716 744 3784 Vcrg.
763 3715 829 3771 Aen.
848 3716 895 3780 VI,
915 3717 982 3781 366;
1001 3715 1034 3770 cf.
1054 3716 1128 3770 Seru.
1148 3716 1223 3770 adu.
1242 3716 1294 3769 359
1314 3715 1431 3770 eiusdem
1449 3715 1522 3769 libri.
1583 3776 1584 3780 Ἰ

247 3802 268 3873 ³)
304 3805 380 3871 Quod
399 3805 427 3859 111
446 3805 620 3859 adnotatione
639 3804 674 3857 ad
692 3822 717 3873 p.
731 3805 786 3869 2,6
806 3806 875 3858 huno
893 3804 1004 3858 fluuium
1024 3804 1136 3859 eundem
1155 3821 1211 3859 esse
1229 3805 1380 3873 suspicatus
1392 3821 1450 3857 sum
1463 3803 1509 3872 qui
1527 3798 1628 3856 d'Ovo·

174 3890 260 3963 1111111
278 3895 432 3948 nominetur
450 3894 484 3947 ab
505 3892 637 3962 Appiano,
657 3893 714 3947 cius
733 3892 800 3947 facti
818 3910 887 3946 nunc
904 3910 947 3947 me
964 3895 1087 3963 poenitet
1104 3894 1236 3948 monitum
1255 3910 1271 3948 a
1288 3892 1473 3947 Maximiliano
1490 3887 1630 3961 Biiding‘er

174 3984 238 4038 uiro.
252 3984 413 4038 amicissimo
431 3984 477 4052 qui
495 3985 526 4036 ut
545 3984 632 4037 ueteri
650 3983 793 4052 prouerbio
817 3982 888 4052 quod
912 3983 1058 4037 amicorum
1082 3982 1232 4037 communia
1258 3981 1348 4035 omnia
1371 3997 1426 4035 esso
1454 3980 1530 4034 iubet
1553 3980 1628 4034 obsc-

174 4076 300 4143 queretur
317 4073 488 4142 plagularum
506 4088 610 4142 qnoque
628 4072 737 4126 huiusce
755 4071 842 4126 libelli
867 4087 883 4124 a
905 4072 1067 4141 typothetae
1089 4071 1223 4126 erroribus
1245 4071 1467 4125 uindicandamm
1489 4070 1629 4125 molestiae

174 4163 308 4232 particeps
327 4178 383 4216 esse
400 4162 496 4216 uoluit.
534 4160 665 4216 Graecum
683 4161 754 4214 euim
771 4176 867 4214 nomen
885 4177 942 4215 esse
960 4161 988 4214 id
1007 4161 1078 4230 quod
1099 4164 1141 4216 est
1159 4156 1262 4228 Ἀσίνης
1284 4160 1341 4221 siue
1358 4155 1469 4221 Ἀσίνιος
1491 4159 1559 4213 satis
1582 4175 1628 4228 ap·

173 4254 252 4321 paret
269 4267 299 4305 ex
317 4251 424 4305 nomine
442 4251 551 4304 Asinari
569 4251 626 4304 siue
644 4249 766 4303 Assinari
783 4249 900 4303 fluminis
919 4250 979 4319 agri
998 4250 1158 4319 Syracusani
1171 4249 1301 4319 (Thucyd.
1312 4250 1375 4314 VII,
1390 4249 1425 4302 84
1431 4271 1438 4314 ;
1457 4248 1537 4302 Diod.
1549 4246 1627 4310 XIII,

177 4343 224 4407 193
243 4341 317 4394 Plut.
336 4341 396 4394 Nic.
417 4340 463 4408 27)
490 4340 532 4394 cui
551 4340 615 4392 addi
633 4342 723 4408 potest
742 4339 825 4392 etiarn
843 4339 936 4393 Assori
955 4339 1048 4409 oppidi
1071 4356 1167 4394 nomen
1190 4338 1261 4406 (Cic.
1286 4339 1315 4392 in
1337 4338 1413 4393 Verr.
1437 4341 1489 4392 act.
1508 4353 1560 4391 sec.
1579 4336 1626 4400 IV,

174 4432 218 4496 44,
238 4432 285 4495 96;
306 4431 361 4498 al).
399 4429 482 4498 Origo
501 4431 590 4482 autern
610 4419 705 4481 horum
723 4429 860 4482 nominum
878 4447 941 4483 num
960 4429 1105 4499 repetenda
1123 4430 1161 4483 sit
1179 4430 1213 4483 ab
1232 4446 1263 4483 eo
1281 4429 1352 4498 quod
1370 4431 1412 4483 est
1430 4423 1628 4496 1111111111]-

174 4521 292 4576 11111.Μ.
311 4539 337 4590 p.
358 4520 418 4585 161,
438 4519 484 4586 44)
503 4536 536 4572 an
557 4536 572 4571 a
590 4519 671 4573 uerbo
692 4519 763 4587 quod
782 4522 823 4572 est
843 4513 941 4586 dynam
960 4518 1004 4588 (cf.
1024 4519 1114 4588 Etym.
1133 4517 1202 4572 aua.
1221 4536 1247 4587 p.
1266 4520 1291 4584 4,
1311 4518 1371 4585 34),
1398 4517 1460 4571 aliis
1479 4516 1627 4570 diiudican-

176 4610 238 4663 dum
256 4610 386 4678 relinquo.
