3682 5138
215 463 314 538 Seres
338 461 434 526 hsiae
458 458 520 525 sub
545 458 680 526 oriente.

215 574 333 643 Sabaei
357 574 493 641 Arabes,

215 692 427 757 Sauromatae
450 693 613 777 Europae.

215 810 377 874 Teutones
403 807 483 872 Galli
507 808 668 895 Europae.

146 934 161 985 5
218 923 314 989 Tusci
336 923 434 988 ltalici
459 924 621 1009 Europae.

218 1038 360 1104 Thraces
386 1038 529 1104 Thessali
554 1039 716 1125 Europae.

218 1153 362 1221 Thessali
387 1154 585 1221 Macedones
610 1155 770 1241 Europae.

218 1270 326 1337 Vulsci
350 1269 449 1335 ltalici
473 1270 635 1357 Europae.

858 1467 933 1474 ...ν-.-
944 1467 993 1472 ....--.
999 1468 1002 1471 .
1009 1467 1035 1472 .-

781 1662 962 1727 8ΕΡΤΕΜ
995 1663 1110 1727 ΜΙΒΑ.

145 1828 177 1881 10
251 1823 273 1885 l.
310 1822 408 1888 hedis
433 1821 555 1887 Dianae
579 1822 710 1907 Epheso
735 1842 832 1910 quarn
857 1822 1022 1887 constituit
1044 1824 1197 1888 Amazon.

241 1939 276 2002 ll.
311 1937 513 2003 Mausoleum
538 1938 568 2002 in
594 1937 688 2002 Caria
713 1937 810 2002 altum
835 1938 940 2024 pedes
966 1937 1102 2003 CLXXX
1125 1947 1157 2004 et
1179 1938 1209 2002 in
1239 1937 1372 2003 circuitu
1404 1939 1524 2023 pedum
1550 1935 1671 2002 CCCC:

312 2052 353 2118 ibi
379 2063 429 2118 est
452 2054 641 2139 sepulcrum
667 2053 754 2140 regis
779 2052 888 2139 lapide
913 2052 1065 2143 lychnito.

224 2170 274 2234 lll.
293 2204 295 2207 ·
313 2168 470 2234 Colossus
496 2168 599 2235 Rhodi
625 2169 707 2235 altus
733 2169 838 2255 pedes
863 2169 924 2235 CV.

213 2285 275 2348 llll.
312 2285 397 2349 louis
423 2283 554 2373 Olympi
579 2285 683 2349 lactus
707 2306 725 2349 a
749 2284 861 2350 Phidia
885 2306 926 2351 ex
942 2267 1051 2350 ebore
1075 2294 1107 2351 et
1129 2304 1209 2350 auro
1235 2284 1356 2370 pedum
1381 2284 1414 2350 C.

142 2400 173 2452 15
236 2403 270 2466 V.
309 2401 431 2464 Domus
455 2401 545 2486 regia
570 2400 599 2464 in
625 2399 798 2466 Ecbatanis
823 2421 921 2488 quarn
946 2403 1095 2467 Memnon
1120 2399 1304 2466 aedificauit
1333 2400 1498 2487 lapidibus
1524 2401 1671 2467 candidis

309 2526 341 2580 et
366 2514 463 2580 uariis
488 2536 567 2580 auro
593 2516 719 2581 uinctis.

225 2633 273 2697 Vl.
311 2632 420 2696 Murus
445 2629 620 2720 Babylonis
645 2632 745 2698 latere
774 2641 879 2708 cocto,
912 2631 1067 2717 sulphure
1097 2642 1129 2696 et
1157 2632 1243 2698 lerro
1275 2632 1416 2708 uinctus,
1450 2634 1534 2698 latus
1568 2632 1672 2720 pedes

308 2746 391 2812 XXV
415 2743 566 2834 [XXXll],
594 2747 676 2812 altus
701 2746 806 2833 pedes
822 2747 939 2813 LXXV
963 2743 999 2832 [t
1024 2747 1182 2830 cubitos]‚
1208 2750 1238 2814 in
1263 2749 1396 2815 circuitu
1429 2751 1541 2817 stadiis
1564 2752 1672 2819 DCCC

314 2857 551 2948 [CCCLXVllll.
587 2863 680 2928 Hunc
704 2863 814 2946 regina
839 2862 1025 2928 Semiramis
1050 2863 1243 2929 aedificauit.
1285 2861 1444 2951 [Pensiles
1470 2867 1565 2933 etiam
1590 2866 1671 2934 horti

141 2981 176 3037 20
226 2986 233 3000 ·
310 2999 411 3063 super
446 2999 554 3044 arcem
594 2979 696 3064 ipsius
733 2979 822 3044 urbis
858 2990 1038 3067 aequantes
1074 2979 1271 3045 altitudinem
1304 2981 1385 3046 muri
1421 3003 1480 3068 pro
1515 2982 1671 3049 miraculo

309 3091 490 3183 habentur]

215 3209 276 3276 Vll.
312 3209 504 3300 Pyramides
528 3211 558 3276 in
583 3212 732 3300 Aegypto
757 3211 840 3275 latae
865 3221 898 3276 et
921 3210 1005 3276 altae
1030 3211 1136 3297 pedes
1159 3211 1224 3278 DC.

215 3403 238 3457 1.
258 3403 297 3457 cf.
317 3403 413 3473 Verg.
433 3402 549 3473 Georg.
569 3404 614 3469 ΙΙ,
637 3405 695 3457 121.
724 3435 758 3442 -
787 3405 812 3459 2.
837 3404 875 3459 cf.
901 3405 990 3458 Seru.
1016 3405 1054 3459 ad
1077 3405 1173 3474 Verg.
1192 3404 1269 3460 Aen.
1288 3406 1310 3471 Ι,
1330 3408 1391 3463 416.
1411 3437 1446 3447 -
1470 3410 1495 3461 4.
1516 3408 1554 3462 cf.
1574 3409 1670 3477 Verg.

213 3491 288 3546 Aen.
307 3493 385 3558 VII,
406 3494 472 3558 741;
492 3493 595 3547 schol.
619 3494 712 3547 Beru.
737 3494 775 3547 ad
800 3493 916 3563 Georg.
940 3494 988 3557 ΙΙ,
1016 3495 1074 3548 169.
1095 3523 1129 3532 -
1153 3496 1178 3549 5.
1205 3495 1243 3550 cf.
1262 3496 1359 3566 Verg.
1382 3496 1456 3551 Aen.
1482 3498 1617 3566 passim.
1637 3527 1671 3535 —

214 3584 239 3635 6.
259 3581 296 3636 cl.
316 3583 402 3636 Seru.
422 3586 456 3636 et
474 3583 579 3638 schol.
604 3583 698 3636 Bern.
723 3584 763 3637 ad
781 3583 876 3652 Verg.
906 3581 1027 3652 Georg.
1046 3585 1068 3649 I,
1088 3584 1141 3638 490
1166 3601 1221 3650 ss.;
1251 3585 1335 3640 adde
1358 3586 1476 3639 Lucan.
1496 3586 1528 3650 X,
1553 3587 1616 3639 449.
1637 3616 1671 3624 -—

214 3673 238 3725 7.
257 3672 289 3725 V.
309 3671 348 3725 ad
365 3689 391 3724 u.
411 3674 435 3725 6.
457 3703 488 3710 -
508 3675 532 3728 8.
552 3673 732 3742 europaeeV.
759 3671 913 3741 cf.Ve1·g.
934 3670 1053 3742 Georg.
1076 3673 1124 3738 ΙΙ,
1149 3673 1201 3727 168
1229 3677 1261 3727 et
1279 3691 1299 3727 s.
1327 3674 1359 3727 X.
1379 3674 1410 3728 Y.
1430 3675 1458 3729 Ζ.
1476 3673 1671 3729 FELICITER

212 3760 307 3814 VIBII
326 3759 543 3826 SEQVESTEIS
562 3762 610 3815 DE
623 3761 858 3815 FLVMINIBVS.
876 3760 1067 3817 FONTIBVS.
1085 3761 1259 3816 NEMORIB.
1272 3762 1444 3819 LACVBVS.
1457 3762 1670 3818 PALVDIBVS.

212 3849 363 3904 nouam
384 3849 530 3905 cauma.
549 3850 619 3904 eun
638 3836 731 3904 narn.
750 3837 928 3905 axenrc'n‘s
946 3851 978 3904 v.
996 3880 1030 3889 -
1055 3851 1097 3904 11.
1115 3851 1297 3906 nausotaeum
1311 3853 1334 3906 v
1348 3883 1377 3890 -
1400 3837 1452 3922 peu
1464 3853 1496 3906 v.
1516 3882 1543 3889 -
1566 3853 1606 3907 ra.
1619 3840 1671 3922 pel

212 3940 244 3994 V.
259 3968 292 3980 -
313 3942 354 3995 14.
374 3923 426 4010 ped
439 3941 470 3995 V.
488 3971 521 3979 —
540 3924 639 4009 leed
651 3939 848 3995 V.—Vu.18.
867 3941 1068 4019 ssa-numeri
1089 3943 1121 3994 et
1139 3941 1240 3995 uerba
1258 3942 1353 3995 uncis
1372 3941 1500 3994 inclusi
1520 3959 1554 3995 m.
1573 3959 1619 4011 pr.
1639 3943 1672 3996 iu

212 4031 362 4100 margine
382 4030 550 4100 adscripti
569 4029 604 4082 in
623 4030 655 4082 V.
675 4060 707 4067 —
731 4014 783 4098 ped
801 4029 869 4082 V-
892 4029 942 4084 cub
960 4029 993 4083 V.
1013 4059 1047 4068 -
1067 4031 1108 4084 19.
1129 4031 1182 4083 orti
1201 4029 1233 4083 V.
1253 4061 1287 4068 ·-
1311 4031 1352 4085 22.
1372 4016 1424 4101 ped
1442 4032 1476 4084 V.

808 4274 901 4281 ..η-..ω
906 4275 1054 4282 .....-...-......—--..
1059 4277 1071 4282 .-
