3682 5138
790 382 832 396 ··
878 363 942 412 xm
986 379 1029 392 ¹·-

187 540 273 608 ninm
289 540 343 607 uel
360 538 571 629 plurimorum
595 550 685 607 certe
709 540 961 607 consensionem
985 539 1088 606 littera
1112 561 1138 604 ω
1162 539 1311 606 indicaui.
1336 541 1374 607 At
1389 540 1495 609 bonae
1512 539 1646 608 chartae

187 677 346 746 parsurus
370 677 435 723 non
459 655 611 722 adnotaui
636 656 743 722 uarias
768 657 944 743 scripturas
974 655 1125 722 Ioannis
1156 656 1335 722 Boccatii
1367 658 1416 723 de
1446 657 1646 725 Certaldo

189 773 244 862 qui
268 771 384 840 codice
408 771 596 860 uolgaribus
624 771 711 838 haud
735 772 958 838 emendatiore
982 792 1062 837 usus
1086 782 1187 838 totum
1210 771 1295 838 hunc
1319 770 1477 852 libellum,
1509 784 1645 841 auctore

187 909 253 954 non
277 888 451 967 nominato,
476 889 590 976 paucis
615 888 743 954 omissis
767 888 926 956 transtulit
949 888 980 955 in
1005 910 1079 953 eum
1104 886 1218 954 librum
1245 910 1341 976 quem
1366 889 1436 976 ipse
1466 889 1512 957 de
1544 911 1644 956 mon·

187 1003 303 1083 tibus,
329 1004 466 1095 syluis,
493 1002 678 1082 fontibus,
703 1003 886 1082 lacubus,
917 1003 1163 1085 fluminibus,
1196 1005 1352 1092 stagnis
1374 1025 1459 1070 seu
1485 1005 1643 1092 paludi-

188 1117 277 1200 bus,
301 1119 349 1186 de
381 1118 614 1186 nominibus
638 1120 754 1187 maris
778 1120 907 1207 scripsit
923 1119 956 1202 1).

277 1233 391 1302 LibeIIi
415 1235 538 1304 Vibieni
563 1235 704 1303 editione
727 1236 873 1325 principe
898 1257 994 1326 quam
1011 1237 1132 1302 Romae
1149 1236 1261 1302 nescio
1286 1257 1351 1325 quo
1375 1257 1459 1303 anno
1482 1237 1513 1303 in
1536 1236 1643 1303 lucem

188 1351 353 1440 publicam
377 1351 526 1418 emisisse
550 1350 666 1417 dicitur
696 1351 881 1418 Mazochius
910 1351 985 1419 mihi
1014 1374 1079 1419 non
1102 1352 1204 1440 magis
1228 1352 1271 1418 uti
1300 1349 1388 1419 licuit
1411 1374 1509 1442 quam
1534 1352 1643 1420 Ober-

188 1467 253 1536 lino
286 1464 341 1554 (cl.
373 1467 521 1535 ed.‘eius
545 1489 576 1556 p.
600 1467 695 1552 XIII),
728 1488 836 1556 neque
860 1488 1015 1557 umquam
1038 1468 1141 1535 oculis
1165 1470 1321 1556 usurpaui
1349 1469 1524 1536 editionem
1561 1470 1645 1537 Aldi-

190 1605 264 1652 nam
288 1583 362 1651 anni
384 1585 526 1661 MDXIV;
551 1584 611 1650 sed
635 1583 832 1650 bibliotheca
855 1584 972 1650 ciuium
998 1583 1219 1651 Turioensium
1242 1583 1318 1649 mihi
1336 1587 1558 1674 suppeditauit
1573 1587 1643 1653 edi-

189 1699 310 1766 tionem
332 1699 479 1766 Aldinam
504 1721 615 1767 mense
633 1698 767 1766 Octobri
792 1700 865 1765 anni
890 1702 929 1765 M.
956 1702 994 1765 D.
1017 1701 1114 1768 XVIII
1137 1701 1290 1766 emissam
1314 1701 1356 1768 de
1378 1723 1443 1791 qua
1467 1724 1532 1769 non
1556 1715 1645 1770 recte

189 1813 349 1881 dubitauit
365 1814 541 1883 Oberlinus
565 1816 597 1897 (I.
621 1813 702 1902 l.)2);
727 1836 868 1903 quaeum
892 1815 989 1882 editio
1013 1816 1136 1883 Iuntina
1159 1816 1231 1882 anni
1256 1818 1384 1883 MDXIX
1408 1818 1450 1885 ita
1474 1819 1641 1894 consentit,

192 1941 227 1997 ut
242 1930 326 1998 hano
343 1953 383 1998 ex
400 1932 451 1999 illa
475 1953 666 2020 expressam
691 1952 766 1998 esse
784 1943 962 1999 statuamus
980 1942 1137 2020 oporteat.
1160 1935 1272 2022 Itaque
1289 1933 1404 2000 Aldina
1420 1935 1527 2021 potius
1545 1955 1643 2022 quam

190 2047 312 2114 luntina
337 2048 532 2115 nominanda
557 2049 679 2115 eratin
704 2048 811 2115 adnot.
837 2048 878 2116 ad
902 2071 932 2136 p.
959 2049 988 2127 2,
1017 2047 1067 2114 13.

280 2165 429 2254 Denique
462 2165 503 2231 de
534 2184 629 2232 meae
662 2164 811 2232 editionis
843 2166 966 2232 ratione
999 2164 1063 2231 hoo
1094 2165 1246 2232 monendi
1279 2177 1353 2231 sont
1381 2168 1540 2233 lectores:
1573 2164 1645 2233 ubi-

192 2301 332 2370 cumque
356 2281 431 2347 nihil
456 2281 689 2362 adnotatumst‚
718 2283 868 2349 codicem
893 2281 1079 2349 Vaticanum
1113 2280 1224 2369 (quem
1254 2285 1280 2350 V
1308 2282 1410 2348 littera
1440 2282 1578 2370 signaui)
1606 2303 1645 2349 ea

191 2396 263 2484 ipsa
286 2396 390 2463 uerba
420 2397 574 2465 exhibere
603 2419 687 2487 quac
719 2399 749 2464 in
779 2408 865 2464 textu
895 2419 992 2486 quern
1023 2408 1144 2464 uocant
1173 2398 1282 2485 posui;
1315 2398 1505 2465 asteriscum
1537 2408 1645 2465 autern

191 2513 387 2580 adnotationi
418 2514 640 2602 praepositum
663 2513 817 2594 indicare,
843 2514 993 2581 codicum
1021 2513 1193 2580 lectionem
1224 2534 1296 2580 mea
1325 2514 1426 2601 ipsius
1457 2514 1647 2582 coniectura

106 2674 108 2678 »
195 2649 272 2697 esse
296 2629 512 2698 emendatam.

265 2893 286 2966 1)
303 2896 373 2951 Vsus
391 2914 450 2952 sum
467 2898 519 2952 hac
537 2895 666 2952 editione:
688 2896 797 2952 Ioannis
809 2896 916 2951 Bocatn
930 2899 1021 2951 ΠΕΡΙ
1030 2898 1298 2952 ΓΕΝΕΑΛΟΓΙΑΣ
1314 2898 1431 2954 Deorum
1449 2898 1513 2954 libri
1525 2898 1574 2954 XV
1587 2915 1646 2954 oum

192 2985 411 3041 annotationibus
430 2987 523 3041 Iacobi
541 2986 654 3056 Micylli.
673 2987 796 3042 Basileae
815 2987 885 3057 apud
903 2989 978 3042 Ioun.
997 2987 1113 3059 Herrag.
1132 2988 1299 3055 MD.XXXII,
1318 2990 1416 3058 inqua
1435 2989 1504 3043 liber
1522 2989 1554 3042 de
1573 3002 1647 3042 mon·

193 3074 266 3128 tibus
285 3077 335 3129 etc.
354 3075 456 3145 legitur
474 3093 499 3145 p.
519 3076 672 3131 toa-504.

266 3160 287 3232 ²)
312 3162 491 3220 Continentur
514 3165 566 3220 hac
590 3165 719 3232 editione,
745 3168 776 3219 ut
800 3165 874 3219 frons
897 3165 962 3220 libri
985 3166 1100 3220 indicat:
1129 3167 1292 3237 Pomponius
1314 3168 1393 3222 Mela.
1420 3167 1506 3221 Iulius
1530 3166 1646 3221 Solinus.

193 3251 366 3307 Itinerarium
384 3251 516 3308 Antonini
534 3254 602 3326 Aug.
622 3255 717 3322 Vibius
736 3255 878 3323 sequester
899 3255 956 3324 (fol.
977 3256 1136 3325 tel-199).
1161 3256 1191 3312 Ρ.
1215 3257 1309 3312 Victor
1336 3258 1368 3312 de
1393 3257 1548 3328 regionibus
1574 3256 1648 3311 urbis

193 3341 301 3397 Romae.
338 3341 483 3415 Dionysius
501 3343 567 3400 Afer
586 3345 619 3399 de
638 3344 699 3399 Situ
718 3344 790 3399 orbis
808 3343 946 3400 Prisciano
965 3344 1125 3415 Interprete.
