3682 5138
800 332 1088 386 '’vn''

273 514 333 584 Ad.
356 537 389 604 p.
413 514 443 595 2,
471 512 702 582 1661661161.
730 514 807 581 Luc.
836 516 870 592 ΙΙ,
895 514 959 580 52:
994 513 1083 582 Albis
1117 512 1235 581 ssuuius
1272 515 1456 584 Sueborum
1491 516 1554 585 hoc
1591 530 1641 584 est

187 631 380 700 Germanae
408 614 607 719 prouinciae.
642 630 730 699 1166
753 627 873 697 nunus
900 630 1023 698 carnae
1047 631 1101 698 ua
1125 631 1229 700 sanae
1254 632 1458 723 (senuaar)
1482 635 1537 725 qur
1561 633 1639 702 urn-

186 748 243 814 mit
265 746 395 814 Suebos
418 768 437 814 a
461 746 636 814 Cheruscis
665 747 695 829 (a
718 746 846 814 carneis
871 745 977 832 cod).

277 863 325 930 Ad
348 885 381 951 p.
405 861 440 937 3,
469 863 553 931 261.
585 861 689 930 schol.
720 862 797 930 Luc.
830 862 894 940 Vll,
921 861 1001 942 756,
1034 862 1090 931 ubi
1121 883 1195 930 cum
1225 861 1349 932 scholia
1383 863 1530 953 uulgaria
1560 864 1642 935 haec

188 977 384 1068 praebeant:
410 981 528 1069 ‘Tagus
546 991 578 1046 et
594 979 782 1067 Arimaspus
807 989 882 1047 suut
903 976 991 1045 lluuii
1016 979 1182 1069 inquibus
1206 979 1351 1048 abundat
1374 983 1505 1060 aurum’,
1530 981 1560 1048 in
1584 1003 1643 1050 cu·

188 1094 261 1163 diue
284 1096 440 1162 bernensi
471 1095 620 1185 leguntur
652 1095 756 1164 baec:
792 1097 1011 1185 «Arimaspus
1035 1096 1188 1186 Scythiae
1219 1097 1344 1183 (6611166
1373 1098 1470 1178 661.)
1499 1099 1641 1186 populus

188 1222 267 1300 aput
289 1231 373 1302 qnos
397 1212 559 1280 mirmices
583 1222 658 1278 sunt
680 1212 843 1301 quaedam
867 1212 1016 1280 animalia
1039 1211 1180 1279 formicis
1203 1213 1318 1280 similia
1339 1234 1425 1304 quae
1448 1225 1552 1282 terras
1568 1234 1643 1282 era-

189 1327 269 1395 dunt
290 1339 323 1395 et
345 1339 510 1416 repertum
534 1349 649 1395 aurum
673 1339 834 1417 egerunt»
861 1329 1030 1418 inegerunt
1053 1326 1151 1416 661).

277 1445 325 1512 Ad
349 1466 382 1533 p.
411 1443 440 1524 3,
465 1442 549 1512 661.
582 1443 684 1528 scbol.
715 1445 794 1511 Luc.
823 1444 872 1524 Vl,
901 1442 1071 1527 31οι666
1094 1445 1199 1512 tenuis
1223 1456 1340 1513 uentos
1364 1446 1507 1535 suspirat
1534 1447 1570 1515 A.
1600 1445 1642 1515 ab

73 1568 75 1572 ‘
188 1562 261 1648 ipso
285 1560 433 1642 numine;
458 1580 532 1627 nam
555 1561 703 1628 Anaurus
728 1559 833 1627 dictus
856 1561 951 1650 quasi
975 1559 1044 1627 siue
1069 1581 1159 1628 aura.

278 1675 326 1743 Ad
350 1698 382 1765 p.
406 1674 438 1757 4,
466 1676 516 1758 14,
542 1700 573 1765 p.
600 1678 629 1755 7,
657 1675 697 1742 13
722 1688 754 1743 61
777 1699 808 1766 p.
833 1677 863 1757 8,
892 1676 930 1742 15
956 1678 995 1744 cl.
1019 1676 1123 1744 schol.
1147 1678 1225 1744 Luc.
1250 1679 1288 1758 ll,
1313 1675 1396 1745 406:
1426 1677 1642 1746 Crustumium

189 1792 358 1873 (cratumiu‘
382 1793 477 1874 cod.)
501 1815 540 1862 ax
565 1793 657 1860 cuius
682 1793 811 1860 nomine
835 1805 867 1860 et
890 1793 1003 1861 ciuitas
1026 1803 1241 1882 nuncupatur.
1278 1792 1375 1883 Sapis
1399 1795 1453 1884 qui
1476 1795 1642 1884 regionem

189 1908 434 1976 Ariminensium
458 1921 491 1977 at
513 1911 747 1978 Rauennatium
771 1908 839 2005 finit
867 1910 922 1999 qni
945 1931 1063 1978 nomen
1094 1932 1189 1977 suum
1219 1911 1346 1978 uicinae
1374 1910 1486 1978 indidit
1515 1911 1643 1979 ciuitati.

190 2025 323 2092 Flumen
347 2025 442 2093 etiam
459 2027 546 2094 Sena
570 2047 589 2093 a
613 2047 679 2116 quo
704 2035 736 2094 et
759 2027 916 2115 oppidum
933 2025 1058 2094 dicitur.
1094 2025 1230 2092 Aufidus
1255 2025 1423 2110 (autfidus
1448 2027 1544 2107 cod.)
1560 2048 1641 2094 nero

189 2138 308 2208 fluuius
338 2152 426 2210 extra
460 2142 635 2209 Canusium
665 2142 786 2231 impetu
814 2142 980 2231 (impetum
1012 2138 1109 2228 cod.)
1141 2142 1241 2209 fertur
1270 2142 1389 2231 ingenti
1417 2164 1515 2233 quem
1546 2143 1643 2232 longe

191 2257 280 2345 (loge
304 2255 403 2345 oud.)
427 2278 546 2326 sonare
569 2257 645 2325 dicit
667 2259 829 2326 Horatius.
877 2257 1044 2347 veloxque
1067 2259 1246 2327 Metaurus:
1271 2257 1354 2326 haec
1370 2258 1519 2327 eiusdem
1535 2259 1644 2348 regio-

190 2374 239 2441 nis
262 2370 392 2441 flumina
416 2385 491 2440 sunt
513 2385 547 2442 et
569 2375 775 2464 quorundam
807 2396 848 2442 61
879 2373 928 2441 bis
952 2374 1135 2443 nominibus
1166 2375 1261 2442 etiam
1286 2374 1382 2455 (aetia
1411 2372 1510 2463 661.)
1542 2375 1643 2444 urbes

190 2500 358 2567 uocantur,
394 2501 429 2558 ut
452 2492 620 2559 Pisaurum
655 2502 688 2558 et
720 2490 895 2558 Ariminum
925 2487 1065 2577 (arminu‘
1085 2490 1184 2578 cod.)
1208 2501 1242 2558 et
1264 2491 1361 2558 Sena.
1408 2490 1638 2559 Crustumium·

191 2627 255 2695 que
279 2627 396 2694 rapax:
419 2604 548 2673 fluuius.
595 2607 748 2695 Senaque
771 2618 804 2674 et
826 2606 961 2674 Aufidus
984 2605 1072 2672 ssuuii
1096 2617 1171 2673 sunt
1199 2602 1246 2693 (ut
1276 2627 1357 2674 sena
1385 2608 1644 2699 orotumiumque

191 2742 296 2810 capax
318 2720 437 2789 lluuius
460 2720 570 2790 lluuiu.
617 2723 770 2812 Senaque
794 2733 827 2790 et
849 2734 904 2791 aut
926 2722 1011 2789 fidus
1034 2721 1123 2789 lluuii
1146 2732 1221 2789 sunt
1244 2721 1351 2810 cod).

279 2838 326 2904 Ad
351 2860 381 2925 p.
407 2838 437 2915 8,
464 2840 482 2901 7
507 2839 547 2905 cl.
579 2838 682 2906 schol.
716 2838 759 2905 ad
788 2839 866 2906 an.
891 2840 938 2918 Vl,
963 2837 1049 2904 382:
1081 2839 1210 2928 pinguis
1234 2838 1396 2929 Bebrycio
1421 2839 1453 2908 d.
1478 2862 1508 2906 u.
1533 2861 1560 2907 s.
1586 2839 1644 2908 Vbi

191 2957 334 3045 Amycus
358 2966 516 3047 tyrannus
539 2955 688 3044 regnauit
710 2955 766 3047 qui
790 2977 827 3024 se
851 2954 1013 3045 Bebrycio
1038 2954 1175 3022 ueniens
1199 2976 1229 3022 a.
1250 2954 1281 3021 d.
1299 2977 1329 3043 g.
1348 2955 1369 3021 f.
1386 2976 1418 3043 p.
1440 2957 1548 3044 [Verg.
1564 2958 1643 3024 Aen.

193 3074 227 3148 V,
252 3069 317 3135 373
342 3069 391 3157 6.).
829 3144 832 3149 ,

280 3188 320 3254 At
341 3186 416 3254 nihil
439 3189 470 3256 in
494 3187 626 3256 scholiis
649 3189 768 3256 nostris
792 3189 972 3255 inuenimus
1005 3188 1048 3256 de
1071 3189 1171 3254 Atace
1203 3187 1245 3276 (p.
1271 3187 1300 3264 2,
1329 3186 1393 3268 13),
1426 3188 1468 3256 16
1491 3190 1560 3256 Aoo
1591 3189 1645 3256 uel

192 3303 437 3390 Α66616(ρ.2,
465 3303 504 3369 17
529 3315 561 3372 et
584 3328 616 3392 p.
641 3303 670 3380 3,
696 3302 741 3388 3),
775 3303 816 3371 16
843 3303 990 3392 Apidano
1021 3307 1064 3391 (p.
1096 3302 1126 3380 3,
1159 3302 1200 3389 6),
1231 3303 1273 3371 16
1297 3303 1408 3392 Hapso
1439 3304 1484 3392 (p.
1513 3300 1544 3383 6,
1577 3302 1643 3389 12),

193 3418 235 3485 de
258 3408 365 3487 'Ilerda
388 3417 488 3487 lluuio
514 3419 560 3508 (p.
585 3417 615 3499 6,
642 3421 708 3505 17),
734 3420 775 3487 16
798 3418 903 3509 Ligeri
929 3422 971 3508 (p.
997 3422 1026 3500 7,
1052 3419 1092 3504 5),
1118 3418 1198 3487 61116.

281 3534 329 3602 Ad
354 3534 452 3602 Ouidi
481 3536 623 3603 carmina
655 3536 711 3626 qui
742 3536 833 3603 sulus
856 3547 986 3624 praeter
1008 3535 1094 3604 medi
1119 3535 1208 3626 quod
1234 3536 1345 3604 dicunt
1366 3536 1440 3604 aeui
1462 3549 1646 3606 commenta

193 3648 277 3715 inani
313 3649 491 3718 uerborum
526 3652 621 3740 copia
656 3663 689 3720 at
717 3652 842 3720 solidae
878 3652 1045 3720 doctrinae
1074 3651 1184 3739 inopia
1215 3652 1392 3741 conspicua
1411 3650 1435 3738 1)
1467 3673 1646 3742 superasse

265 3889 286 3958 ι1
322 3890 479 3962 Exemplum
490 3893 555 3948 16116
568 3895 713 3951 commenti
725 3894 837 3966 praebet
850 3894 931 3950 codex
940 3893 1153 3964 Rbenaugiensis
1164 3911 1190 3949 n.
1200 3893 1320 3960 LXXVI,
1333 3894 1445 3949 membr.
1458 3894 1557 3949 saeculi
1566 3894 1645 3962 XIII,

157 4003 158 4006 ¹
195 3978 241 4049 qni
260 3997 285 4049 p.
306 3980 376 4034 1-8
401 3981 509 4037 exhibet
530 3984 751 4039 commentarium
778 3984 807 4040 iu
829 3983 910 4040 Ouidi
935 3983 1053 4038 remedia
1080 3983 1195 4048 amoris,
1220 4001 1246 4054 p.
1266 3985 1354 4038 9-40
1379 3984 1599 4038 commentarium
1618 3985 1647 4040 in

193 4068 311 4123 eiusdem
329 4072 425 4139 poetae
443 4070 679 4139 166161661111166,
698 4074 772 4128 cuius
789 4073 876 4129 maior
888 4089 951 4145 pars
970 4073 1072 4142 scripta
1090 4076 1132 4128 est
1144 4072 1236 4127 eadem
1248 4089 1328 4128 61666
1340 4089 1408 4143 quae
1427 4074 1647 4128 commentarium

194 4162 229 4217 61
246 4159 365 4216 16616116
383 4161 482 4216 amoris
501 4163 632 4227 61616611,
659 4163 705 4217 661
723 4163 813 4218 media
831 4179 893 4232 pars
912 4163 948 4232 (p.
968 4162 1085 4232 17-28)
1103 4178 1184 4216 mauu
1202 4178 1270 4217 6666.
1289 4163 1347 4218 XV.
1376 4163 1496 4233 Vterque
1515 4178 1647 4218 commen·

194 4252 280 4305 tarius
299 4250 333 4305 ab
353 4253 444 4307 eodem
463 4255 571 4307 6661616
590 4253 753 4324 compositus
772 4269 829 4307 6666
852 4252 973 4316 6116161,
993 4251 1141 4307 6111611666
1160 4251 1253 4321 procul
1271 4251 1365 4318 dubio,
1384 4269 1447 4306 nam
1466 4253 1566 4307 cibatur
1586 4251 1647 4307 ‘sal-

193 4341 282 4396 mista’
303 4341 332 4410 (i.
352 4358 374 4397 e.
392 4342 545 4412 psalmista)
564 4346 592 4397 et
609 4360 635 4412 p.
649 4341 695 4398 la·
714 4343 769 4397 ima
780 4342 907 4412 leguntur
924 4341 1004 4396 baec:
1025 4341 1193 4395 ‘Hominibus
1211 4340 1324 4396 mutatis
1343 4341 1372 4394 iu
1391 4341 1454 4396 deos
1471 4341 1648 4396 mutabantur

193 4447 284 4486 eorum
301 4432 419 4499 6616166,
438 4436 470 4487 61
487 4433 534 4502 qui
551 4433 626 4504 prior
643 4432 771 4487 Romulus
789 4433 830 4501 (ro
849 4431 935 4500 661),
955 4430 1051 4485 161616
1069 4431 1202 4485 116616161
1215 4429 1342 4496 Quirinus
1360 4430 1419 4501 (qui
1437 4429 1524 4499 661),
1543 4430 1646 4486 Aeneas

192 4521 341 4592 Indigetes,
360 4520 410 4577 Iuo
428 4521 581 4577 Leucothea
599 4523 730 4591 (16666166
752 4521 830 4590 cod.)
854 4525 883 4577 et
905 4521 944 4576 sic
962 4536 1020 4576 cum
1039 4520 1150 4588 ceteris,
1175 4520 1245 4575 sicut
1268 4520 1351 4575 etiam
1370 4519 1445 4575 61161
1461 4536 1558 4575 nomen
1575 4535 1647 4590 papa

193 4627 262 4667 nunu
289 4611 410 4666 assumit'
430 4611 555 4683 (quoda.
574 4614 626 4668 955
645 4629 662 4667 a
679 4614 780 4670 166666
798 4612 853 4670 XII
871 4613 988 4685 primum
1006 4610 1108 4667 1661661
1133 4626 1190 4665 6666
1213 4611 1340 4680 constat).
1376 4609 1453 4667 Idem
1471 4609 1554 4666 codex
1572 4608 1646 4664 deui-
