<?xml version="1.0" encoding="UTF-8"?>
<!DOCTYPE html PUBLIC "-//W3C//DTD XHTML 1.0 Transitional//EN"
    "http://www.w3.org/TR/xhtml1/DTD/xhtml1-transitional.dtd">
<html xmlns="http://www.w3.org/1999/xhtml" xml:lang="en" lang="en">
 <head>
  <title>
</title>
<meta http-equiv="Content-Type" content="text/html;charset=utf-8" />
  <meta name='ocr-system' content='tesseract 3.04.00' />
  <meta name='ocr-capabilities' content='ocr_page ocr_carea ocr_par ocr_line ocrx_word'/>
</head>
<body>
  <div class='ocr_page' id='page_1' title='image "./defluminibusfon00sequgoog_0008.png"; bbox 0 0 3682 5138; ppageno 0'>
   <div class='ocr_carea' id='block_1_1' title="bbox 93 1144 1680 4136">
    <p class='ocr_par' dir='ltr' id='par_1_1' title="bbox 93 1144 1643 1698">
     <span class='ocr_line' id='line_1_1' title="bbox 279 1144 1643 1235; baseline -0.001 -23"><span class='ocrx_word' id='word_1_1' title='bbox 279 1144 390 1213; x_wconf 88' lang='lat' dir='ltr'>Vibius</span> <span class='ocrx_word' id='word_1_2' title='bbox 414 1146 595 1235; x_wconf 87' lang='lat' dir='ltr'><strong>Sequester</strong></span> <span class='ocrx_word' id='word_1_3' title='bbox 619 1182 655 1193; x_wconf 90' lang='lat'><em>-</em></span> <span class='ocrx_word' id='word_1_4' title='bbox 684 1165 769 1234; x_wconf 86' lang='lat' dir='ltr'><strong>quae</strong></span> <span class='ocrx_word' id='word_1_5' title='bbox 793 1144 870 1234; x_wconf 89' lang='lat' dir='ltr'><strong>quin</strong></span> <span class='ocrx_word' id='word_1_6' title='bbox 893 1165 973 1210; x_wconf 90' lang='lat' dir='ltr'><strong>uera</strong></span> <span class='ocrx_word' id='word_1_7' title='bbox 997 1144 1059 1211; x_wconf 91' lang='lat' dir='ltr'><strong>sint</strong></span> <span class='ocrx_word' id='word_1_8' title='bbox 1086 1144 1217 1211; x_wconf 88' lang='lat' dir='ltr'><strong>uomina</strong></span> <span class='ocrx_word' id='word_1_9' title='bbox 1239 1145 1376 1212; x_wconf 90' lang='lat' dir='ltr'><strong>hominis</strong></span> <span class='ocrx_word' id='word_1_10' title='bbox 1401 1145 1443 1212; x_wconf 87' lang='lat' dir='ltr'><strong>do</strong></span> <span class='ocrx_word' id='word_1_11' title='bbox 1467 1146 1561 1213; x_wconf 88' lang='lat' dir='ltr'><strong>cuius</strong></span> <span class='ocrx_word' id='word_1_12' title='bbox 1586 1167 1643 1211; x_wconf 92' lang='lat' dir='ltr'><strong>ne-</strong></span> 
     </span>
     <span class='ocr_line' id='line_1_2' title="bbox 191 1259 1639 1353; baseline -0.001 -25"><span class='ocrx_word' id='word_1_13' title='bbox 191 1284 255 1353; x_wconf 89' lang='lat' dir='ltr'><strong>que</strong></span> <span class='ocrx_word' id='word_1_14' title='bbox 281 1262 382 1350; x_wconf 89' lang='lat' dir='ltr'><strong>patria</strong></span> <span class='ocrx_word' id='word_1_15' title='bbox 406 1282 514 1351; x_wconf 89' lang='lat' dir='ltr'><strong>neque</strong></span> <span class='ocrx_word' id='word_1_16' title='bbox 538 1271 643 1328; x_wconf 87' lang='lat' dir='ltr'><strong>aetate</strong></span> <span class='ocrx_word' id='word_1_17' title='bbox 668 1262 842 1350; x_wconf 90' lang='lat' dir='ltr'><strong>quicquam</strong></span> <span class='ocrx_word' id='word_1_18' title='bbox 876 1259 1052 1326; x_wconf 80' lang='lat' dir='ltr'><strong>memoriae</strong></span> <span class='ocrx_word' id='word_1_19' title='bbox 1082 1259 1276 1347; x_wconf 91' lang='lat' dir='ltr'><strong>proditumst</strong></span> <span class='ocrx_word' id='word_1_20' title='bbox 1299 1283 1361 1329; x_wconf 92' lang='lat' dir='ltr'><strong>non</strong></span> <span class='ocrx_word' id='word_1_21' title='bbox 1388 1273 1438 1329; x_wconf 90' lang='lat' dir='ltr'><strong>est</strong></span> <span class='ocrx_word' id='word_1_22' title='bbox 1461 1283 1520 1328; x_wconf 91' lang='lat' dir='ltr'><strong>cur</strong></span> <span class='ocrx_word' id='word_1_23' title='bbox 1544 1260 1639 1328; x_wconf 89' lang='lat' dir='ltr'><strong>dubi-</strong></span> 
     </span>
     <span class='ocr_line' id='line_1_3' title="bbox 189 1375 1641 1465; baseline -0.003 -19"><span class='ocrx_word' id='word_1_24' title='bbox 189 1390 294 1446; x_wconf 84' lang='lat' dir='ltr'><strong>temus</strong></span> <span class='ocrx_word' id='word_1_25' title='bbox 310 1375 332 1461; x_wconf 86' lang='grc'><strong>1)</strong></span> <span class='ocrx_word' id='word_1_26' title='bbox 359 1415 400 1424; x_wconf 95' lang='grc'>-</span> <span class='ocrx_word' id='word_1_27' title='bbox 424 1378 455 1444; x_wconf 91' lang='lat' dir='ltr'><strong>io</strong></span> <span class='ocrx_word' id='word_1_28' title='bbox 479 1399 573 1444; x_wconf 92' lang='lat' dir='ltr'><strong>usum</strong></span> <span class='ocrx_word' id='word_1_29' title='bbox 599 1376 768 1464; x_wconf 82' lang='lat' dir='ltr'><strong>Vergiliani</strong></span> <span class='ocrx_word' id='word_1_30' title='bbox 795 1375 838 1443; x_wconf 91' lang='lat' dir='ltr'><strong>fili</strong></span> <span class='ocrx_word' id='word_1_31' title='bbox 871 1386 971 1443; x_wconf 89' lang='lat' dir='ltr'><strong>artem</strong></span> <span class='ocrx_word' id='word_1_32' title='bbox 996 1387 1030 1441; x_wconf 93' lang='lat' dir='ltr'><strong>ut</strong></span> <span class='ocrx_word' id='word_1_33' title='bbox 1053 1375 1181 1442; x_wconf 89' lang='lat' dir='ltr'><strong>uidetur</strong></span> <span class='ocrx_word' id='word_1_34' title='bbox 1204 1378 1445 1464; x_wconf 80' lang='lat' dir='ltr'><strong>grammaticam</strong></span> <span class='ocrx_word' id='word_1_35' title='bbox 1464 1377 1641 1465; x_wconf 84' lang='lat' dir='ltr'><strong>profitentis</strong></span> 
     </span>
     <span class='ocr_line' id='line_1_4' title="bbox 189 1490 1639 1582; baseline 0 -23"><span class='ocrx_word' id='word_1_36' title='bbox 189 1492 232 1580; x_wconf 88' lang='lat' dir='ltr'><strong>(u.</strong></span> <span class='ocrx_word' id='word_1_37' title='bbox 258 1517 289 1582; x_wconf 88' lang='lat' dir='ltr'><strong>p.</strong></span> <span class='ocrx_word' id='word_1_38' title='bbox 317 1494 344 1567; x_wconf 88' lang='grc'><strong>1,</strong></span> <span class='ocrx_word' id='word_1_39' title='bbox 373 1491 425 1580; x_wconf 83' lang='grc'><strong>10)</strong></span> <span class='ocrx_word' id='word_1_40' title='bbox 457 1492 642 1580; x_wconf 92' lang='lat' dir='ltr'><strong>composuit</strong></span> <span class='ocrx_word' id='word_1_41' title='bbox 665 1492 802 1559; x_wconf 89' lang='lat' dir='ltr'><strong>indicem</strong></span> <span class='ocrx_word' id='word_1_42' title='bbox 827 1490 992 1559; x_wconf 85' lang='lat' dir='ltr'><strong>{luminum</strong></span> <span class='ocrx_word' id='word_1_43' title='bbox 1027 1491 1159 1558; x_wconf 89' lang='lat' dir='ltr'><strong>sontium</strong></span> <span class='ocrx_word' id='word_1_44' title='bbox 1192 1492 1320 1558; x_wconf 90' lang='lat' dir='ltr'><strong>lacuum</strong></span> <span class='ocrx_word' id='word_1_45' title='bbox 1356 1493 1510 1581; x_wconf 89' lang='lat' dir='ltr'><strong>paludum</strong></span> <span class='ocrx_word' id='word_1_46' title='bbox 1547 1515 1639 1560; x_wconf 92' lang='lat' dir='ltr'><strong>mon-</strong></span> 
     </span>
     <span class='ocr_line' id='line_1_5' title="bbox 93 1593 1641 1698; baseline -0.003 -20"><span class='ocrx_word' id='word_1_47' title='bbox 93 1593 95 1597; x_wconf 22' lang='lat'>*</span> <span class='ocrx_word' id='word_1_48' title='bbox 188 1610 266 1678; x_wconf 91' lang='lat' dir='ltr'><strong>tium</strong></span> <span class='ocrx_word' id='word_1_49' title='bbox 289 1609 431 1698; x_wconf 87' lang='lat' dir='ltr'><strong>gentium</strong></span> <span class='ocrx_word' id='word_1_50' title='bbox 454 1630 592 1698; x_wconf 91' lang='lat' dir='ltr'><strong>quorum</strong></span> <span class='ocrx_word' id='word_1_51' title='bbox 619 1609 747 1675; x_wconf 90' lang='lat' dir='ltr'><strong>nomina</strong></span> <span class='ocrx_word' id='word_1_52' title='bbox 772 1631 790 1676; x_wconf 87' lang='lat' dir='ltr'><strong>e</strong></span> <span class='ocrx_word' id='word_1_53' title='bbox 815 1619 985 1696; x_wconf 89' lang='lat' dir='ltr'><strong>poetarum</strong></span> <span class='ocrx_word' id='word_1_54' title='bbox 1014 1607 1240 1674; x_wconf 91' lang='lat' dir='ltr'><strong>nonnullorum</strong></span> <span class='ocrx_word' id='word_1_55' title='bbox 1257 1608 1473 1674; x_wconf 87' lang='lat' dir='ltr'><strong>Romanorum</strong></span> <span class='ocrx_word' id='word_1_56' title='bbox 1492 1608 1641 1676; x_wconf 88' lang='lat' dir='ltr'><strong>carmini-</strong></span> 
     </span>
    </p>

    <p class='ocr_par' dir='ltr' id='par_1_2' title="bbox 131 1724 1680 4136">
     <span class='ocr_line' id='line_1_6' title="bbox 131 1724 1639 1814; baseline 0.002 -22"><span class='ocrx_word' id='word_1_57' title='bbox 131 1767 133 1770; x_wconf 93' lang='lat'>·</span> <span class='ocrx_word' id='word_1_58' title='bbox 175 1724 251 1792; x_wconf 51' lang='lat' dir='ltr'><strong>¹bus</strong></span> <span class='ocrx_word' id='word_1_59' title='bbox 280 1747 366 1814; x_wconf 89' lang='lat' dir='ltr'><strong>quae</strong></span> <span class='ocrx_word' id='word_1_60' title='bbox 397 1736 463 1792; x_wconf 91' lang='lat' dir='ltr'><strong>tum</strong></span> <span class='ocrx_word' id='word_1_61' title='bbox 496 1725 632 1792; x_wconf 83' lang='lat' dir='ltr'><strong>maxime</strong></span> <span class='ocrx_word' id='word_1_62' title='bbox 663 1725 693 1790; x_wconf 92' lang='lat' dir='ltr'><strong>in</strong></span> <span class='ocrx_word' id='word_1_63' title='bbox 727 1724 848 1791; x_wconf 87' lang='lat' dir='ltr'><strong>scholis</strong></span> <span class='ocrx_word' id='word_1_64' title='bbox 880 1725 1161 1812; x_wconf 90' lang='lat' dir='ltr'><strong>grammaticorum</strong></span> <span class='ocrx_word' id='word_1_65' title='bbox 1195 1724 1419 1791; x_wconf 77' lang='lat' dir='ltr'><strong>lectitabantur</strong></span> <span class='ocrx_word' id='word_1_66' title='bbox 1449 1725 1639 1813; x_wconf 87' lang='lat' dir='ltr'><strong>desumpsit.</strong></span> 
     </span>
     <span class='ocr_line' id='line_1_7' title="bbox 188 1839 1639 1932; baseline -0.003 -21"><span class='ocrx_word' id='word_1_67' title='bbox 188 1842 305 1911; x_wconf 91' lang='lat' dir='ltr'><strong>additis</strong></span> <span class='ocrx_word' id='word_1_68' title='bbox 329 1841 526 1932; x_wconf 90' lang='lat' dir='ltr'><strong>quibusdam</strong></span> <span class='ocrx_word' id='word_1_69' title='bbox 550 1841 592 1908; x_wconf 89' lang='lat' dir='ltr'><strong>de</strong></span> <span class='ocrx_word' id='word_1_70' title='bbox 616 1840 803 1930; x_wconf 88' lang='lat' dir='ltr'><strong>regionibus</strong></span> <span class='ocrx_word' id='word_1_71' title='bbox 828 1851 860 1906; x_wconf 93' lang='lat' dir='ltr'><strong>et</strong></span> <span class='ocrx_word' id='word_1_72' title='bbox 883 1839 1090 1930; x_wconf 90' lang='lat' dir='ltr'><strong>qualitatibus</strong></span> <span class='ocrx_word' id='word_1_73' title='bbox 1114 1862 1244 1919; x_wconf 86' lang='lat' dir='ltr'><strong>eorum,</strong></span> <span class='ocrx_word' id='word_1_74' title='bbox 1270 1853 1305 1906; x_wconf 89' lang='lat' dir='ltr'><strong>ut</strong></span> <span class='ocrx_word' id='word_1_75' title='bbox 1327 1841 1428 1928; x_wconf 90' lang='lat' dir='ltr'><strong>ipsius</strong></span> <span class='ocrx_word' id='word_1_76' title='bbox 1452 1841 1564 1907; x_wconf 90' lang='lat' dir='ltr'><strong>uerbis</strong></span> <span class='ocrx_word' id='word_1_77' title='bbox 1589 1851 1639 1907; x_wconf 92' lang='lat' dir='ltr'><strong>ut-</strong></span> 
     </span>
     <span class='ocr_line' id='line_1_8' title="bbox 188 1956 1642 2046; baseline -0.001 -20"><span class='ocrx_word' id='word_1_78' title='bbox 188 1980 280 2026; x_wconf 88' lang='lat' dir='ltr'><strong>amur</strong></span> <span class='ocrx_word' id='word_1_79' title='bbox 303 1959 345 2042; x_wconf 77' lang='lat' dir='ltr'><strong>(u.</strong></span> <span class='ocrx_word' id='word_1_80' title='bbox 370 1981 402 2045; x_wconf 90' lang='lat' dir='ltr'><strong>p.</strong></span> <span class='ocrx_word' id='word_1_81' title='bbox 430 1956 457 2034; x_wconf 84' lang='lat'><strong>1,</strong></span> <span class='ocrx_word' id='word_1_82' title='bbox 482 1957 501 2023; x_wconf 83' lang='lat'>5</span> <span class='ocrx_word' id='word_1_83' title='bbox 526 1957 577 2041; x_wconf 80' lang='lat' dir='ltr'><strong>s),</strong></span> <span class='ocrx_word' id='word_1_84' title='bbox 603 1956 903 2033; x_wconf 85' lang='lat' dir='ltr'><strong>obseruationibus,</strong></span> <span class='ocrx_word' id='word_1_85' title='bbox 930 1978 1012 2046; x_wconf 91' lang='lat' dir='ltr'><strong>quas</strong></span> <span class='ocrx_word' id='word_1_86' title='bbox 1037 1958 1207 2023; x_wconf 87' lang='lat' dir='ltr'><strong>maximam</strong></span> <span class='ocrx_word' id='word_1_87' title='bbox 1236 1968 1361 2044; x_wconf 89' lang='lat' dir='ltr'><strong>partem</strong></span> <span class='ocrx_word' id='word_1_88' title='bbox 1392 1979 1410 2023; x_wconf 91' lang='lat' dir='ltr'><strong>e</strong></span> <span class='ocrx_word' id='word_1_89' title='bbox 1442 1969 1642 2024; x_wconf 88' lang='lat' dir='ltr'><strong>commenta-</strong></span> 
     </span>
     <span class='ocr_line' id='line_1_9' title="bbox 189 2072 1642 2163; baseline 0 -24"><span class='ocrx_word' id='word_1_90' title='bbox 189 2074 242 2140; x_wconf 91' lang='lat' dir='ltr'><strong>riis</strong></span> <span class='ocrx_word' id='word_1_91' title='bbox 267 2072 385 2163; x_wconf 92' lang='lat' dir='ltr'><strong>quibus</strong></span> <span class='ocrx_word' id='word_1_92' title='bbox 410 2073 602 2140; x_wconf 86' lang='lat' dir='ltr'><strong>litteratores</strong></span> <span class='ocrx_word' id='word_1_93' title='bbox 627 2072 730 2159; x_wconf 88' lang='lat' dir='ltr'><strong>magis</strong></span> <span class='ocrx_word' id='word_1_94' title='bbox 762 2073 910 2139; x_wconf 90' lang='lat' dir='ltr'><strong>minusue</strong></span> <span class='ocrx_word' id='word_1_95' title='bbox 942 2072 1056 2140; x_wconf 87' lang='lat' dir='ltr'><strong>eruditi</strong></span> <span class='ocrx_word' id='word_1_96' title='bbox 1079 2083 1248 2161; x_wconf 90' lang='lat' dir='ltr'><strong>poetarum</strong></span> <span class='ocrx_word' id='word_1_97' title='bbox 1281 2073 1407 2139; x_wconf 93' lang='lat' dir='ltr'><strong>illorum</strong></span> <span class='ocrx_word' id='word_1_98' title='bbox 1439 2073 1579 2141; x_wconf 89' lang='lat' dir='ltr'><strong>carmina</strong></span> <span class='ocrx_word' id='word_1_99' title='bbox 1603 2074 1642 2139; x_wconf 94' lang='lat' dir='ltr'><strong>il-</strong></span> 
     </span>
     <span class='ocr_line' id='line_1_10' title="bbox 189 2187 1642 2278; baseline 0.001 -23"><span class='ocrx_word' id='word_1_100' title='bbox 189 2191 406 2257; x_wconf 92' lang='lat' dir='ltr'><strong>lustraueraut</strong></span> <span class='ocrx_word' id='word_1_101' title='bbox 428 2188 562 2254; x_wconf 88' lang='lat' dir='ltr'><strong>haustas</strong></span> <span class='ocrx_word' id='word_1_102' title='bbox 586 2209 662 2256; x_wconf 88' lang='lat' dir='ltr'><strong>esse</strong></span> <span class='ocrx_word' id='word_1_103' title='bbox 686 2187 779 2255; x_wconf 84' lang='lat' dir='ltr'><strong>facile</strong></span> <span class='ocrx_word' id='word_1_104' title='bbox 804 2188 969 2275; x_wconf 79' lang='lat' dir='ltr'><strong>intelleget</strong></span> <span class='ocrx_word' id='word_1_105' title='bbox 984 2189 1171 2278; x_wconf 85' lang='lat' dir='ltr'><strong>quicunque</strong></span> <span class='ocrx_word' id='word_1_106' title='bbox 1189 2189 1298 2276; x_wconf 91' lang='lat' dir='ltr'><strong>paullo</strong></span> <span class='ocrx_word' id='word_1_107' title='bbox 1324 2190 1484 2256; x_wconf 86' lang='lat' dir='ltr'><strong>curiosius</strong></span> <span class='ocrx_word' id='word_1_108' title='bbox 1508 2188 1538 2254; x_wconf 88' lang='lat' dir='ltr'><strong>in</strong></span> <span class='ocrx_word' id='word_1_109' title='bbox 1559 2188 1642 2257; x_wconf 91' lang='lat' dir='ltr'><strong>hano</strong></span> 
     </span>
     <span class='ocr_line' id='line_1_11' title="bbox 189 2303 1642 2395; baseline 0.001 -25"><span class='ocrx_word' id='word_1_110' title='bbox 189 2326 257 2372; x_wconf 86' lang='lat' dir='ltr'><strong>rom</strong></span> <span class='ocrx_word' id='word_1_111' title='bbox 281 2305 491 2395; x_wconf 84' lang='lat' dir='ltr'><strong>inquisiuerit.</strong></span> <span class='ocrx_word' id='word_1_112' title='bbox 529 2304 735 2394; x_wconf 84' lang='lat' dir='ltr'><strong>Quamquam</strong></span> <span class='ocrx_word' id='word_1_113' title='bbox 758 2319 868 2372; x_wconf 90' lang='lat' dir='ltr'><strong>autem</strong></span> <span class='ocrx_word' id='word_1_114' title='bbox 892 2315 1006 2370; x_wconf 90' lang='lat' dir='ltr'><strong>auctor</strong></span> <span class='ocrx_word' id='word_1_115' title='bbox 1030 2303 1166 2371; x_wconf 88' lang='lat' dir='ltr'><strong>huiusce</strong></span> <span class='ocrx_word' id='word_1_116' title='bbox 1187 2304 1286 2371; x_wconf 89' lang='lat' dir='ltr'><strong>libelli</strong></span> <span class='ocrx_word' id='word_1_117' title='bbox 1310 2306 1351 2372; x_wconf 90' lang='lat' dir='ltr'><strong>de</strong></span> <span class='ocrx_word' id='word_1_118' title='bbox 1377 2306 1543 2395; x_wconf 90' lang='lat' dir='ltr'><strong>plerisque</strong></span> <span class='ocrx_word' id='word_1_119' title='bbox 1561 2325 1642 2392; x_wconf 90' lang='lat' dir='ltr'><strong>poe-</strong></span> 
     </span>
     <span class='ocr_line' id='line_1_12' title="bbox 190 2418 1640 2511; baseline -0.001 -23"><span class='ocrx_word' id='word_1_120' title='bbox 190 2422 227 2488; x_wconf 91' lang='lat' dir='ltr'><strong>tis</strong></span> <span class='ocrx_word' id='word_1_121' title='bbox 251 2421 340 2510; x_wconf 93' lang='lat' dir='ltr'><strong>apud</strong></span> <span class='ocrx_word' id='word_1_122' title='bbox 365 2442 448 2511; x_wconf 91' lang='lat' dir='ltr'><strong>quos</strong></span> <span class='ocrx_word' id='word_1_123' title='bbox 472 2418 639 2488; x_wconf 89' lang='lat' dir='ltr'><strong>fluminum</strong></span> <span class='ocrx_word' id='word_1_124' title='bbox 662 2420 779 2488; x_wconf 87' lang='lat' dir='ltr'><strong>mentio</strong></span> <span class='ocrx_word' id='word_1_125' title='bbox 803 2419 912 2488; x_wconf 90' lang='lat' dir='ltr'><strong>habita</strong></span> <span class='ocrx_word' id='word_1_126' title='bbox 937 2420 977 2486; x_wconf 93' lang='lat' dir='ltr'><strong>sit</strong></span> <span class='ocrx_word' id='word_1_127' title='bbox 1000 2421 1141 2510; x_wconf 92' lang='lat' dir='ltr'><strong>loquitur</strong></span> <span class='ocrx_word' id='word_1_128' title='bbox 1165 2418 1209 2508; x_wconf 82' lang='lat' dir='ltr'><strong>(p.</strong></span> <span class='ocrx_word' id='word_1_129' title='bbox 1229 2421 1256 2498; x_wconf 92' lang='lat'><strong>1,</strong></span> <span class='ocrx_word' id='word_1_130' title='bbox 1274 2419 1316 2506; x_wconf 95' lang='grc'><strong>4),</strong></span> <span class='ocrx_word' id='word_1_131' title='bbox 1342 2421 1416 2487; x_wconf 87' lang='lat' dir='ltr'><strong>mihi</strong></span> <span class='ocrx_word' id='word_1_132' title='bbox 1441 2432 1547 2488; x_wconf 90' lang='lat' dir='ltr'><strong>tamen</strong></span> <span class='ocrx_word' id='word_1_133' title='bbox 1565 2442 1640 2509; x_wconf 92' lang='lat' dir='ltr'><strong>per-</strong></span> 
     </span>
     <span class='ocr_line' id='line_1_13' title="bbox 189 2537 1642 2627; baseline -0.001 -23"><span class='ocrx_word' id='word_1_134' title='bbox 189 2537 277 2604; x_wconf 89' lang='lat' dir='ltr'><strong>suasi</strong></span> <span class='ocrx_word' id='word_1_135' title='bbox 300 2537 438 2627; x_wconf 88' lang='lat' dir='ltr'><strong>aliisque</strong></span> <span class='ocrx_word' id='word_1_136' title='bbox 462 2537 557 2604; x_wconf 90' lang='lat' dir='ltr'><strong>etiam</strong></span> <span class='ocrx_word' id='word_1_137' title='bbox 581 2557 633 2604; x_wconf 87' lang='lat' dir='ltr'><strong>me</strong></span> <span class='ocrx_word' id='word_1_138' title='bbox 658 2557 891 2624; x_wconf 91' lang='lat' dir='ltr'><strong>persuasurum</strong></span> <span class='ocrx_word' id='word_1_139' title='bbox 916 2557 991 2603; x_wconf 91' lang='lat' dir='ltr'><strong>esse</strong></span> <span class='ocrx_word' id='word_1_140' title='bbox 1015 2557 1130 2624; x_wconf 81' lang='lat' dir='ltr'><strong>spero,</strong></span> <span class='ocrx_word' id='word_1_141' title='bbox 1157 2537 1245 2603; x_wconf 89' lang='lat' dir='ltr'><strong>illurn</strong></span> <span class='ocrx_word' id='word_1_142' title='bbox 1269 2547 1419 2626; x_wconf 92' lang='lat' dir='ltr'><strong>quattuor</strong></span> <span class='ocrx_word' id='word_1_143' title='bbox 1442 2547 1564 2604; x_wconf 90' lang='lat' dir='ltr'><strong>tantum</strong></span> <span class='ocrx_word' id='word_1_144' title='bbox 1590 2537 1642 2602; x_wconf 91' lang='lat' dir='ltr'><strong>uel</strong></span> 
     </span>
     <span class='ocr_line' id='line_1_14' title="bbox 189 2648 1640 2742; baseline -0.002 -22"><span class='ocrx_word' id='word_1_145' title='bbox 189 2653 334 2742; x_wconf 89' lang='lat' dir='ltr'><strong>quinque</strong></span> <span class='ocrx_word' id='word_1_146' title='bbox 355 2664 523 2740; x_wconf 86' lang='lat' dir='ltr'><strong>poetarum</strong></span> <span class='ocrx_word' id='word_1_147' title='bbox 547 2652 744 2720; x_wconf 88' lang='lat' dir='ltr'><strong>carminibus</strong></span> <span class='ocrx_word' id='word_1_148' title='bbox 765 2674 860 2719; x_wconf 91' lang='lat' dir='ltr'><strong>usum</strong></span> <span class='ocrx_word' id='word_1_149' title='bbox 881 2673 973 2720; x_wconf 89' lang='lat' dir='ltr'><strong>esse:</strong></span> <span class='ocrx_word' id='word_1_150' title='bbox 992 2653 1108 2741; x_wconf 88' lang='lat' dir='ltr'><strong>Vergili</strong></span> <span class='ocrx_word' id='word_1_151' title='bbox 1124 2648 1285 2720; x_wconf 89' lang='lat' dir='ltr'><strong>Bucolicis</strong></span> <span class='ocrx_word' id='word_1_152' title='bbox 1300 2653 1469 2740; x_wconf 88' lang='lat' dir='ltr'><strong>Georgicis</strong></span> <span class='ocrx_word' id='word_1_153' title='bbox 1482 2652 1640 2726; x_wconf 80' lang='lat' dir='ltr'><strong>Aeneide;</strong></span> 
     </span>
     <span class='ocr_line' id='line_1_15' title="bbox 190 2767 1641 2857; baseline -0.002 -21"><span class='ocrx_word' id='word_1_154' title='bbox 190 2768 287 2836; x_wconf 91' lang='lat' dir='ltr'><strong>Ouidi</strong></span> <span class='ocrx_word' id='word_1_155' title='bbox 319 2767 627 2857; x_wconf 87' lang='lat' dir='ltr'><strong>metamorphoseon</strong></span> <span class='ocrx_word' id='word_1_156' title='bbox 665 2778 697 2835; x_wconf 87' lang='lat' dir='ltr'><strong>et</strong></span> <span class='ocrx_word' id='word_1_157' title='bbox 733 2769 890 2835; x_wconf 90' lang='lat' dir='ltr'><strong>lastorum</strong></span> <span class='ocrx_word' id='word_1_158' title='bbox 919 2768 1024 2850; x_wconf 81' lang='lat' dir='ltr'><strong>libris3</strong></span> <span class='ocrx_word' id='word_1_159' title='bbox 1057 2768 1177 2836; x_wconf 89' lang='lat' dir='ltr'><strong>Lucani</strong></span> <span class='ocrx_word' id='word_1_160' title='bbox 1209 2768 1421 2842; x_wconf 89' lang='lat' dir='ltr'><strong>Pharsaliois;</strong></span> <span class='ocrx_word' id='word_1_161' title='bbox 1458 2768 1512 2835; x_wconf 89' lang='lat' dir='ltr'><strong>Sili</strong></span> <span class='ocrx_word' id='word_1_162' title='bbox 1543 2768 1641 2835; x_wconf 91' lang='lat' dir='ltr'><strong>Italici</strong></span> 
     </span>
     <span class='ocr_line' id='line_1_16' title="bbox 189 2881 1643 2974; baseline 0 -24"><span class='ocrx_word' id='word_1_163' title='bbox 189 2884 336 2965; x_wconf 89' lang='lat' dir='ltr'><strong>Punicis;</strong></span> <span class='ocrx_word' id='word_1_164' title='bbox 366 2882 487 2974; x_wconf 86' lang='lat' dir='ltr'><strong>quibus</strong></span> <span class='ocrx_word' id='word_1_165' title='bbox 520 2883 631 2952; x_wconf 90' lang='lat' dir='ltr'><strong>dubito</strong></span> <span class='ocrx_word' id='word_1_166' title='bbox 656 2905 697 2952; x_wconf 88' lang='lat' dir='ltr'><strong>an</strong></span> <span class='ocrx_word' id='word_1_167' title='bbox 721 2884 895 2952; x_wconf 90' lang='lat' dir='ltr'><strong>addendae</strong></span> <span class='ocrx_word' id='word_1_168' title='bbox 919 2885 982 2951; x_wconf 89' lang='lat' dir='ltr'><strong>sint</strong></span> <span class='ocrx_word' id='word_1_169' title='bbox 1009 2883 1087 2952; x_wconf 89' lang='lat' dir='ltr'><strong>Stati</strong></span> <span class='ocrx_word' id='word_1_170' title='bbox 1112 2883 1250 2951; x_wconf 86' lang='lat' dir='ltr'><strong>Thebais</strong></span> <span class='ocrx_word' id='word_1_171' title='bbox 1274 2881 1326 2971; x_wconf 84' lang='lat' dir='ltr'><strong>(cl.</strong></span> <span class='ocrx_word' id='word_1_172' title='bbox 1351 2884 1393 2951; x_wconf 91' lang='lat' dir='ltr'><strong>ad</strong></span> <span class='ocrx_word' id='word_1_173' title='bbox 1417 2906 1450 2972; x_wconf 92' lang='lat' dir='ltr'><strong>p.</strong></span> <span class='ocrx_word' id='word_1_174' title='bbox 1474 2882 1505 2959; x_wconf 90' lang='grc'><strong>4,</strong></span> <span class='ocrx_word' id='word_1_175' title='bbox 1534 2881 1586 2972; x_wconf 84' lang='grc'><strong>15)</strong></span> <span class='ocrx_word' id='word_1_176' title='bbox 1611 2894 1643 2950; x_wconf 89' lang='lat' dir='ltr'><strong>et</strong></span> 
     </span>
     <span class='ocr_line' id='line_1_17' title="bbox 190 2997 1641 3090; baseline -0.001 -22"><span class='ocrx_word' id='word_1_177' title='bbox 190 3000 287 3068; x_wconf 92' lang='lat' dir='ltr'><strong>Ouidi</strong></span> <span class='ocrx_word' id='word_1_178' title='bbox 311 3021 352 3069; x_wconf 76' lang='lat' dir='ltr'><strong>en</strong></span> <span class='ocrx_word' id='word_1_179' title='bbox 374 3002 477 3068; x_wconf 92' lang='lat' dir='ltr'><strong>Pouto</strong></span> <span class='ocrx_word' id='word_1_180' title='bbox 509 3000 669 3089; x_wconf 89' lang='lat' dir='ltr'><strong>epistulae</strong></span> <span class='ocrx_word' id='word_1_181' title='bbox 700 2997 753 3088; x_wconf 79' lang='lat' dir='ltr'><strong>(cl.</strong></span> <span class='ocrx_word' id='word_1_182' title='bbox 775 3001 817 3068; x_wconf 92' lang='lat' dir='ltr'><strong>ad</strong></span> <span class='ocrx_word' id='word_1_183' title='bbox 841 3023 872 3089; x_wconf 85' lang='lat' dir='ltr'><strong>p.</strong></span> <span class='ocrx_word' id='word_1_184' title='bbox 897 2998 927 3079; x_wconf 89' lang='grc'><strong>4,</strong></span> <span class='ocrx_word' id='word_1_185' title='bbox 954 2999 988 3076; x_wconf 83' lang='grc'><strong>6,·</strong></span> <span class='ocrx_word' id='word_1_186' title='bbox 1013 2999 1043 3079; x_wconf 87' lang='grc'><strong>7,</strong></span> <span class='ocrx_word' id='word_1_187' title='bbox 1070 2999 1112 3083; x_wconf 87' lang='grc'><strong>6).</strong></span> <span class='ocrx_word' id='word_1_188' title='bbox 1160 3003 1193 3068; x_wconf 94' lang='lat' dir='ltr'><strong>lu</strong></span> <span class='ocrx_word' id='word_1_189' title='bbox 1224 3000 1273 3067; x_wconf 89' lang='lat' dir='ltr'><strong>his</strong></span> <span class='ocrx_word' id='word_1_190' title='bbox 1304 3000 1388 3067; x_wconf 88' lang='lat' dir='ltr'><strong>enim</strong></span> <span class='ocrx_word' id='word_1_191' title='bbox 1422 3021 1507 3090; x_wconf 93' lang='lat' dir='ltr'><strong>quae</strong></span> <span class='ocrx_word' id='word_1_192' title='bbox 1543 3000 1641 3067; x_wconf 90' lang='lat' dir='ltr'><strong>modo</strong></span> 
     </span>
     <span class='ocr_line' id='line_1_18' title="bbox 189 3116 1640 3206; baseline -0.002 -22"><span class='ocrx_word' id='word_1_193' title='bbox 189 3118 352 3184; x_wconf 90' lang='lat' dir='ltr'><strong>nominaui</strong></span> <span class='ocrx_word' id='word_1_194' title='bbox 376 3116 574 3185; x_wconf 92' lang='lat' dir='ltr'><strong>carminibus</strong></span> <span class='ocrx_word' id='word_1_195' title='bbox 605 3117 700 3204; x_wconf 89' lang='lat' dir='ltr'><strong>longe</strong></span> <span class='ocrx_word' id='word_1_196' title='bbox 729 3117 866 3204; x_wconf 90' lang='lat' dir='ltr'><strong>plurima</strong></span> <span class='ocrx_word' id='word_1_197' title='bbox 894 3137 1008 3183; x_wconf 90' lang='lat' dir='ltr'><strong>eorum</strong></span> <span class='ocrx_word' id='word_1_198' title='bbox 1039 3117 1202 3184; x_wconf 90' lang='lat' dir='ltr'><strong>nominum</strong></span> <span class='ocrx_word' id='word_1_199' title='bbox 1232 3117 1367 3205; x_wconf 87' lang='lat' dir='ltr'><strong>reperiri</strong></span> <span class='ocrx_word' id='word_1_200' title='bbox 1392 3138 1479 3206; x_wconf 89' lang='lat' dir='ltr'><strong>quae</strong></span> <span class='ocrx_word' id='word_1_201' title='bbox 1503 3120 1533 3182; x_wconf 93' lang='lat' dir='ltr'><strong>in</strong></span> <span class='ocrx_word' id='word_1_202' title='bbox 1557 3116 1640 3183; x_wconf 92' lang='lat' dir='ltr'><strong>indi-</strong></span> 
     </span>
     <span class='ocr_line' id='line_1_19' title="bbox 189 3231 1641 3321; baseline -0.003 -21"><span class='ocrx_word' id='word_1_203' title='bbox 189 3254 262 3300; x_wconf 91' lang='lat' dir='ltr'><strong>cem</strong></span> <span class='ocrx_word' id='word_1_204' title='bbox 285 3255 380 3300; x_wconf 90' lang='lat' dir='ltr'><strong>suum</strong></span> <span class='ocrx_word' id='word_1_205' title='bbox 404 3232 523 3299; x_wconf 91' lang='lat' dir='ltr'><strong>rettulit</strong></span> <span class='ocrx_word' id='word_1_206' title='bbox 539 3231 660 3308; x_wconf 89' lang='lat' dir='ltr'><strong>Vibius,</strong></span> <span class='ocrx_word' id='word_1_207' title='bbox 696 3233 727 3300; x_wconf 91' lang='lat' dir='ltr'><strong>in</strong></span> <span class='ocrx_word' id='word_1_208' title='bbox 755 3231 961 3299; x_wconf 89' lang='lat' dir='ltr'><strong>adnotatione</strong></span> <span class='ocrx_word' id='word_1_209' title='bbox 989 3232 1085 3299; x_wconf 87' lang='lat' dir='ltr'><strong>textui</strong></span> <span class='ocrx_word' id='word_1_210' title='bbox 1117 3254 1214 3321; x_wconf 91' lang='lat' dir='ltr'><strong>quem</strong></span> <span class='ocrx_word' id='word_1_211' title='bbox 1245 3244 1363 3300; x_wconf 90' lang='lat' dir='ltr'><strong>uocant</strong></span> <span class='ocrx_word' id='word_1_212' title='bbox 1390 3233 1489 3300; x_wconf 92' lang='lat' dir='ltr'><strong>libelli</strong></span> <span class='ocrx_word' id='word_1_213' title='bbox 1518 3231 1641 3299; x_wconf 89' lang='lat' dir='ltr'><strong>Vibiaui</strong></span> 
     </span>
     <span class='ocr_line' id='line_1_20' title="bbox 189 3347 1642 3438; baseline -0.002 -21"><span class='ocrx_word' id='word_1_214' title='bbox 189 3371 208 3417; x_wconf 94' lang='lat' dir='ltr'><strong>a</strong></span> <span class='ocrx_word' id='word_1_215' title='bbox 232 3371 283 3417; x_wconf 88' lang='lat' dir='ltr'><strong>me</strong></span> <span class='ocrx_word' id='word_1_216' title='bbox 303 3349 451 3417; x_wconf 87' lang='lat' dir='ltr'><strong>subiecta</strong></span> <span class='ocrx_word' id='word_1_217' title='bbox 474 3350 517 3417; x_wconf 89' lang='lat' dir='ltr'><strong>ita</strong></span> <span class='ocrx_word' id='word_1_218' title='bbox 539 3350 636 3417; x_wconf 90' lang='lat' dir='ltr'><strong>docui</strong></span> <span class='ocrx_word' id='word_1_219' title='bbox 661 3361 695 3417; x_wconf 94' lang='lat' dir='ltr'><strong>ut</strong></span> <span class='ocrx_word' id='word_1_220' title='bbox 718 3350 864 3437; x_wconf 88' lang='lat' dir='ltr'><strong>singulos</strong></span> <span class='ocrx_word' id='word_1_221' title='bbox 888 3348 980 3416; x_wconf 92' lang='lat' dir='ltr'><strong>locos</strong></span> <span class='ocrx_word' id='word_1_222' title='bbox 1005 3370 1023 3416; x_wconf 91' lang='lat' dir='ltr'><strong>e</strong></span> <span class='ocrx_word' id='word_1_223' title='bbox 1048 3347 1167 3438; x_wconf 92' lang='lat' dir='ltr'><strong>quibus</strong></span> <span class='ocrx_word' id='word_1_224' title='bbox 1192 3348 1318 3436; x_wconf 89' lang='lat' dir='ltr'><strong>singula</strong></span> <span class='ocrx_word' id='word_1_225' title='bbox 1335 3350 1464 3416; x_wconf 90' lang='lat' dir='ltr'><strong>nomina</strong></span> <span class='ocrx_word' id='word_1_226' title='bbox 1493 3349 1642 3415; x_wconf 91' lang='lat' dir='ltr'><strong>desumta</strong></span> 
     </span>
     <span class='ocr_line' id='line_1_21' title="bbox 189 3464 1642 3556; baseline -0.001 -23"><span class='ocrx_word' id='word_1_227' title='bbox 189 3486 265 3533; x_wconf 88' lang='lat' dir='ltr'><strong>esse</strong></span> <span class='ocrx_word' id='word_1_228' title='bbox 289 3465 428 3533; x_wconf 88' lang='lat' dir='ltr'><strong>arbitror</strong></span> <span class='ocrx_word' id='word_1_229' title='bbox 450 3465 644 3541; x_wconf 72' lang='lat' dir='ltr'><strong>iudicarem·</strong></span> <span class='ocrx_word' id='word_1_230' title='bbox 683 3487 822 3556; x_wconf 90' lang='lat' dir='ltr'><strong>quorum</strong></span> <span class='ocrx_word' id='word_1_231' title='bbox 846 3464 1002 3554; x_wconf 88' lang='lat' dir='ltr'><strong>plurimos</strong></span> <span class='ocrx_word' id='word_1_232' title='bbox 1033 3465 1153 3532; x_wconf 89' lang='lat' dir='ltr'><strong>sollerti</strong></span> <span class='ocrx_word' id='word_1_233' title='bbox 1189 3485 1267 3533; x_wconf 92' lang='lat' dir='ltr'><strong>cura</strong></span> <span class='ocrx_word' id='word_1_234' title='bbox 1302 3464 1508 3552; x_wconf 85' lang='lat' dir='ltr'><strong>inuestigauit</strong></span> <span class='ocrx_word' id='word_1_235' title='bbox 1541 3466 1642 3531; x_wconf 89' lang='lat' dir='ltr'><strong>Fran·</strong></span> 
     </span>
     <span class='ocr_line' id='line_1_22' title="bbox 189 3561 1640 3670; baseline -0.004 -21"><span class='ocrx_word' id='word_1_236' title='bbox 189 3583 297 3650; x_wconf 91' lang='lat' dir='ltr'><strong>oiscus</strong></span> <span class='ocrx_word' id='word_1_237' title='bbox 321 3583 499 3657; x_wconf 83' lang='lat' dir='ltr'><strong>llesselius.</strong></span> <span class='ocrx_word' id='word_1_238' title='bbox 529 3582 610 3650; x_wconf 90' lang='lat' dir='ltr'><strong>alios</strong></span> <span class='ocrx_word' id='word_1_239' title='bbox 636 3581 811 3650; x_wconf 89' lang='lat' dir='ltr'><strong>Oberlinus</strong></span> <span class='ocrx_word' id='word_1_240' title='bbox 835 3581 1018 3670; x_wconf 84' lang='lat' dir='ltr'><strong>adscripsit.</strong></span> <span class='ocrx_word' id='word_1_241' title='bbox 1043 3561 1215 3648; x_wconf 90' lang='lat' dir='ltr'><strong>nonnullos</strong></span> <span class='ocrx_word' id='word_1_242' title='bbox 1239 3581 1310 3668; x_wconf 94' lang='lat' dir='ltr'><strong>ipse</strong></span> <span class='ocrx_word' id='word_1_243' title='bbox 1340 3580 1462 3668; x_wconf 92' lang='lat' dir='ltr'><strong>primus</strong></span> <span class='ocrx_word' id='word_1_244' title='bbox 1491 3579 1640 3647; x_wconf 91' lang='lat' dir='ltr'><strong>indicaui.</strong></span> 
     </span>
     <span class='ocr_line' id='line_1_23' title="bbox 189 3695 1640 3786; baseline -0.003 -19"><span class='ocrx_word' id='word_1_245' title='bbox 189 3700 261 3780; x_wconf 85' lang='lat' dir='ltr'><strong>Qua</strong></span> <span class='ocrx_word' id='word_1_246' title='bbox 285 3699 315 3765; x_wconf 93' lang='lat' dir='ltr'><strong>in</strong></span> <span class='ocrx_word' id='word_1_247' title='bbox 339 3719 375 3764; x_wconf 90' lang='lat' dir='ltr'><strong>re</strong></span> <span class='ocrx_word' id='word_1_248' title='bbox 399 3699 442 3766; x_wconf 93' lang='lat' dir='ltr'><strong>ita</strong></span> <span class='ocrx_word' id='word_1_249' title='bbox 465 3709 616 3766; x_wconf 92' lang='lat' dir='ltr'><strong>uersatus</strong></span> <span class='ocrx_word' id='word_1_250' title='bbox 639 3720 712 3766; x_wconf 93' lang='lat' dir='ltr'><strong>sum</strong></span> <span class='ocrx_word' id='word_1_251' title='bbox 736 3709 770 3764; x_wconf 92' lang='lat' dir='ltr'><strong>ut</strong></span> <span class='ocrx_word' id='word_1_252' title='bbox 793 3718 811 3764; x_wconf 91' lang='lat' dir='ltr'><strong>e</strong></span> <span class='ocrx_word' id='word_1_253' title='bbox 835 3697 983 3786; x_wconf 92' lang='lat' dir='ltr'><strong>pluribus</strong></span> <span class='ocrx_word' id='word_1_254' title='bbox 999 3697 1081 3765; x_wconf 91' lang='lat' dir='ltr'><strong>locis</strong></span> <span class='ocrx_word' id='word_1_255' title='bbox 1105 3696 1272 3786; x_wconf 90' lang='lat' dir='ltr'><strong>inquibus</strong></span> <span class='ocrx_word' id='word_1_256' title='bbox 1296 3695 1382 3764; x_wconf 88' lang='lat' dir='ltr'><strong>idem</strong></span> <span class='ocrx_word' id='word_1_257' title='bbox 1406 3717 1525 3763; x_wconf 91' lang='lat' dir='ltr'><strong>nomen</strong></span> <span class='ocrx_word' id='word_1_258' title='bbox 1549 3717 1640 3763; x_wconf 91' lang='lat' dir='ltr'><strong>com·</strong></span> 
     </span>
     <span class='ocr_line' id='line_1_24' title="bbox 191 3811 1680 3903; baseline -0.003 -21"><span class='ocrx_word' id='word_1_259' title='bbox 191 3825 389 3883; x_wconf 90' lang='lat' dir='ltr'><strong>memoratur</strong></span> <span class='ocrx_word' id='word_1_260' title='bbox 421 3833 494 3881; x_wconf 85' lang='lat' dir='ltr'><strong>eum</strong></span> <span class='ocrx_word' id='word_1_261' title='bbox 524 3813 692 3902; x_wconf 86' lang='lat' dir='ltr'><strong>diligerem</strong></span> <span class='ocrx_word' id='word_1_262' title='bbox 723 3835 763 3880; x_wconf 85' lang='lat' dir='ltr'><strong>ex</strong></span> <span class='ocrx_word' id='word_1_263' title='bbox 787 3834 852 3903; x_wconf 92' lang='lat' dir='ltr'><strong>quo</strong></span> <span class='ocrx_word' id='word_1_264' title='bbox 881 3813 1084 3902; x_wconf 91' lang='lat' dir='ltr'><strong>potissimum</strong></span> <span class='ocrx_word' id='word_1_265' title='bbox 1117 3834 1177 3880; x_wconf 90' lang='lat' dir='ltr'><strong>sua</strong></span> <span class='ocrx_word' id='word_1_266' title='bbox 1211 3811 1362 3880; x_wconf 88' lang='lat' dir='ltr'><strong>hausisse</strong></span> <span class='ocrx_word' id='word_1_267' title='bbox 1387 3812 1511 3880; x_wconf 89' lang='lat' dir='ltr'><strong>Vibium</strong></span> <span class='ocrx_word' id='word_1_268' title='bbox 1540 3812 1641 3900; x_wconf 92' lang='lat' dir='ltr'><strong>ipsius</strong></span> <span class='ocrx_word' id='word_1_269' title='bbox 1676 3834 1680 3839; x_wconf 90' lang='lat'><em>·</em></span> 
     </span>
     <span class='ocr_line' id='line_1_25' title="bbox 189 3929 1667 4019; baseline -0.002 -21"><span class='ocrx_word' id='word_1_270' title='bbox 189 3929 292 3999; x_wconf 89' lang='lat' dir='ltr'><strong>uerba</strong></span> <span class='ocrx_word' id='word_1_271' title='bbox 316 3951 389 3998; x_wconf 93' lang='lat' dir='ltr'><strong>cum</strong></span> <span class='ocrx_word' id='word_1_272' title='bbox 413 3941 532 4019; x_wconf 87' lang='lat' dir='ltr'><strong>poetae</strong></span> <span class='ocrx_word' id='word_1_273' title='bbox 555 3930 640 3996; x_wconf 93' lang='lat' dir='ltr'><strong>illius</strong></span> <span class='ocrx_word' id='word_1_274' title='bbox 664 3930 718 3996; x_wconf 88' lang='lat' dir='ltr'><strong>uel</strong></span> <span class='ocrx_word' id='word_1_275' title='bbox 742 3930 937 3998; x_wconf 88' lang='lat' dir='ltr'><strong>enarratoris</strong></span> <span class='ocrx_word' id='word_1_276' title='bbox 961 3931 1130 3998; x_wconf 88' lang='lat' dir='ltr'><strong>cuiusdam</strong></span> <span class='ocrx_word' id='word_1_277' title='bbox 1160 3929 1271 3996; x_wconf 87' lang='lat' dir='ltr'><strong>uerbis</strong></span> <span class='ocrx_word' id='word_1_278' title='bbox 1303 3931 1430 3998; x_wconf 88' lang='lat' dir='ltr'><strong>conlata</strong></span> <span class='ocrx_word' id='word_1_279' title='bbox 1462 3929 1536 3996; x_wconf 91' lang='lat' dir='ltr'><strong>mibi</strong></span> <span class='ocrx_word' id='word_1_280' title='bbox 1567 3949 1667 4017; x_wconf 51' lang='lat' dir='ltr'><strong>per-¹</strong></span> 
     </span>
     <span class='ocr_line' id='line_1_26' title="bbox 189 4045 1641 4136; baseline -0.002 -22"><span class='ocrx_word' id='word_1_281' title='bbox 189 4057 378 4130; x_wconf 79' lang='lat' dir='ltr'><strong>suaseruut3</strong></span> <span class='ocrx_word' id='word_1_282' title='bbox 402 4046 458 4114; x_wconf 92' lang='lat' dir='ltr'><strong>ubi</strong></span> <span class='ocrx_word' id='word_1_283' title='bbox 481 4046 552 4136; x_wconf 88' lang='lat' dir='ltr'><strong>ipse</strong></span> <span class='ocrx_word' id='word_1_284' title='bbox 576 4045 792 4134; x_wconf 86' lang='lat' dir='ltr'><strong>ambigebam,</strong></span> <span class='ocrx_word' id='word_1_285' title='bbox 818 4046 917 4114; x_wconf 90' lang='lat' dir='ltr'><strong>modo</strong></span> <span class='ocrx_word' id='word_1_286' title='bbox 942 4047 1053 4134; x_wconf 87' lang='lat' dir='ltr'><strong>plures</strong></span> <span class='ocrx_word' id='word_1_287' title='bbox 1077 4046 1170 4113; x_wconf 90' lang='lat' dir='ltr'><strong>locos</strong></span> <span class='ocrx_word' id='word_1_288' title='bbox 1194 4045 1364 4135; x_wconf 87' lang='lat' dir='ltr'><strong>adscripsi,</strong></span> <span class='ocrx_word' id='word_1_289' title='bbox 1389 4045 1488 4113; x_wconf 91' lang='lat' dir='ltr'><strong>modo</strong></span> <span class='ocrx_word' id='word_1_290' title='bbox 1509 4045 1641 4112; x_wconf 91' lang='lat' dir='ltr'><strong>nullum.</strong></span> 
     </span>
    </p>
   </div>
   <div class='ocr_carea' id='block_1_2' title="bbox 188 4210 454 4222">
    <p class='ocr_par' dir='ltr' id='par_1_3' title="bbox 188 4210 454 4222">
     <span class='ocr_line' id='line_1_27' title="bbox 188 4210 454 4222; baseline -0.015 0"><span class='ocrx_word' id='word_1_291' title='bbox 188 4210 454 4222; x_wconf 57' lang='lat' dir='ltr'><strong>m</strong></span> 
     </span>
    </p>
   </div>
   <div class='ocr_carea' id='block_1_3' title="bbox 187 4294 1642 4623">
    <p class='ocr_par' dir='ltr' id='par_1_4' title="bbox 187 4294 1642 4623">
     <span class='ocr_line' id='line_1_28' title="bbox 261 4294 1641 4367; baseline -0.001 -16"><span class='ocrx_word' id='word_1_292' title='bbox 261 4295 281 4366; x_wconf 88' lang='lat'><strong>¹)</strong></span> <span class='ocrx_word' id='word_1_293' title='bbox 318 4295 395 4364; x_wconf 81' lang='lat' dir='ltr'><strong>Quod</strong></span> <span class='ocrx_word' id='word_1_294' title='bbox 412 4313 496 4367; x_wconf 87' lang='lat' dir='ltr'><strong>nuper</strong></span> <span class='ocrx_word' id='word_1_295' title='bbox 515 4296 548 4352; x_wconf 84' lang='lat' dir='ltr'><strong>de</strong></span> <span class='ocrx_word' id='word_1_296' title='bbox 565 4297 608 4352; x_wconf 88' lang='lat' dir='ltr'><strong>his</strong></span> <span class='ocrx_word' id='word_1_297' title='bbox 625 4296 777 4352; x_wconf 82' lang='lat' dir='ltr'><strong>nominibus</strong></span> <span class='ocrx_word' id='word_1_298' title='bbox 801 4313 815 4351; x_wconf 83' lang='lat' dir='ltr'><strong>e</strong></span> <span class='ocrx_word' id='word_1_299' title='bbox 840 4295 976 4352; x_wconf 79' lang='lat' dir='ltr'><strong>Ciceronis</strong></span> <span class='ocrx_word' id='word_1_300' title='bbox 1000 4295 1122 4351; x_wconf 85' lang='lat' dir='ltr'><strong>oratione</strong></span> <span class='ocrx_word' id='word_1_301' title='bbox 1147 4313 1196 4366; x_wconf 89' lang='lat' dir='ltr'><strong>pro</strong></span> <span class='ocrx_word' id='word_1_302' title='bbox 1215 4295 1340 4352; x_wconf 79' lang='lat' dir='ltr'><strong>Cluentio</strong></span> <span class='ocrx_word' id='word_1_303' title='bbox 1365 4296 1462 4351; x_wconf 84' lang='lat' dir='ltr'><strong>habita</strong></span> <span class='ocrx_word' id='word_1_304' title='bbox 1487 4295 1522 4366; x_wconf 89' lang='lat'><strong>(8,</strong></span> <span class='ocrx_word' id='word_1_305' title='bbox 1543 4294 1589 4364; x_wconf 81' lang='grc'><strong>25)</strong></span> <span class='ocrx_word' id='word_1_306' title='bbox 1607 4295 1641 4350; x_wconf 84' lang='lat' dir='ltr'><strong>ab</strong></span> 
     </span>
     <span class='ocr_line' id='line_1_29' title="bbox 187 4382 1642 4458; baseline -0.002 -17"><span class='ocrx_word' id='word_1_307' title='bbox 187 4387 295 4441; x_wconf 87' lang='lat' dir='ltr'><strong>homine</strong></span> <span class='ocrx_word' id='word_1_308' title='bbox 321 4386 412 4441; x_wconf 84' lang='lat' dir='ltr'><strong>nescio</strong></span> <span class='ocrx_word' id='word_1_309' title='bbox 439 4397 491 4458; x_wconf 84' lang='lat' dir='ltr'><strong>quo</strong></span> <span class='ocrx_word' id='word_1_310' title='bbox 518 4385 616 4441; x_wconf 84' lang='lat' dir='ltr'><strong>effictis</strong></span> <span class='ocrx_word' id='word_1_311' title='bbox 643 4386 712 4442; x_wconf 84' lang='lat' dir='ltr'><strong>dixit</strong></span> <span class='ocrx_word' id='word_1_312' title='bbox 738 4386 872 4441; x_wconf 84' lang='lat' dir='ltr'><strong>Martinus</strong></span> <span class='ocrx_word' id='word_1_313' title='bbox 894 4385 978 4440; x_wconf 81' lang='lat' dir='ltr'><strong>Hertz</strong></span> <span class='ocrx_word' id='word_1_314' title='bbox 1001 4384 1106 4454; x_wconf 84' lang='lat' dir='ltr'><strong>(Jahrb.</strong></span> <span class='ocrx_word' id='word_1_315' title='bbox 1126 4384 1263 4443; x_wconf 84' lang='lat' dir='ltr'><strong>f.Phi101.</strong></span> <span class='ocrx_word' id='word_1_316' title='bbox 1286 4384 1347 4440; x_wconf 86' lang='lat' dir='ltr'><strong>Vol.</strong></span> <span class='ocrx_word' id='word_1_317' title='bbox 1361 4382 1458 4440; x_wconf 77' lang='lat' dir='ltr'>XCIII</span> <span class='ocrx_word' id='word_1_318' title='bbox 1482 4402 1509 4454; x_wconf 88' lang='lat' dir='ltr'><strong>p.</strong></span> <span class='ocrx_word' id='word_1_319' title='bbox 1529 4383 1592 4453; x_wconf 79' lang='lat'>275)</span> <span class='ocrx_word' id='word_1_320' title='bbox 1612 4384 1642 4438; x_wconf 85' lang='lat' dir='ltr'><strong>id</strong></span> 
     </span>
     <span class='ocr_line' id='line_1_30' title="bbox 188 4474 1642 4547; baseline -0.001 -16"><span class='ocrx_word' id='word_1_321' title='bbox 188 4492 205 4531; x_wconf 84' lang='lat' dir='ltr'><strong>a</strong></span> <span class='ocrx_word' id='word_1_322' title='bbox 223 4477 282 4532; x_wconf 88' lang='lat' dir='ltr'><strong>uiro</strong></span> <span class='ocrx_word' id='word_1_323' title='bbox 301 4476 464 4532; x_wconf 83' lang='lat' dir='ltr'><strong>doctissumo</strong></span> <span class='ocrx_word' id='word_1_324' title='bbox 483 4476 607 4547; x_wconf 81' lang='lat' dir='ltr'><strong>argutius</strong></span> <span class='ocrx_word' id='word_1_325' title='bbox 626 4492 706 4546; x_wconf 86' lang='lat' dir='ltr'><strong>qnam</strong></span> <span class='ocrx_word' id='word_1_326' title='bbox 729 4475 819 4531; x_wconf 85' lang='lat' dir='ltr'><strong>uerius</strong></span> <span class='ocrx_word' id='word_1_327' title='bbox 844 4475 984 4530; x_wconf 83' lang='lat' dir='ltr'><strong>inuentum</strong></span> <span class='ocrx_word' id='word_1_328' title='bbox 1009 4477 1037 4530; x_wconf 86' lang='lat' dir='ltr'><strong>et</strong></span> <span class='ocrx_word' id='word_1_329' title='bbox 1061 4474 1237 4530; x_wconf 83' lang='lat' dir='ltr'><strong>confidentius</strong></span> <span class='ocrx_word' id='word_1_330' title='bbox 1261 4490 1340 4544; x_wconf 87' lang='lat' dir='ltr'><strong>quam</strong></span> <span class='ocrx_word' id='word_1_331' title='bbox 1364 4475 1468 4530; x_wconf 85' lang='lat' dir='ltr'><strong>cautius</strong></span> <span class='ocrx_word' id='word_1_332' title='bbox 1485 4474 1642 4546; x_wconf 83' lang='lat' dir='ltr'><strong>pronuntia-</strong></span> 
     </span>
     <span class='ocr_line' id='line_1_31' title="bbox 187 4568 478 4623; baseline 0 -1"><span class='ocrx_word' id='word_1_333' title='bbox 187 4570 246 4622; x_wconf 90' lang='lat' dir='ltr'><strong>tum</strong></span> <span class='ocrx_word' id='word_1_334' title='bbox 264 4583 321 4622; x_wconf 82' lang='lat' dir='ltr'><strong>esse</strong></span> <span class='ocrx_word' id='word_1_335' title='bbox 339 4568 478 4623; x_wconf 82' lang='lat' dir='ltr'><strong>existumo.</strong></span> 
     </span>
    </p>
   </div>
   <div class='ocr_carea' id='block_1_4' title="bbox 778 4686 784 4728">
    <p class='ocr_par' dir='ltr' id='par_1_5' title="bbox 778 4686 784 4728">
     <span class='ocr_line' id='line_1_32' title="bbox 778 4686 784 4728; baseline 0 0"><span class='ocrx_word' id='word_1_336' title='bbox 778 4686 784 4728; x_wconf 93' lang='lat' dir='ltr'><strong>l</strong></span> 
     </span>
    </p>
   </div>
   <div class='ocr_carea' id='block_1_5' title="bbox 1354 4764 1430 4775">
    <p class='ocr_par' dir='ltr' id='par_1_6' title="bbox 1354 4764 1430 4775">
     <span class='ocr_line' id='line_1_33' title="bbox 1354 4764 1430 4775; baseline 0 0"><span class='ocrx_word' id='word_1_337' title='bbox 1354 4764 1430 4775; x_wconf 66' lang='grc' dir='ltr'>...ι-...Δι-</span> 
     </span>
    </p>
   </div>
   <div class='ocr_carea' id='block_1_6' title="bbox 0 0 1846 5138">
    <p class='ocr_par' dir='ltr' id='par_1_7' title="bbox 0 0 1846 5138">
     <span class='ocr_line' id='line_1_34' title="bbox 0 0 1846 5138; baseline 0 0"><span class='ocrx_word' id='word_1_338' title='bbox 0 0 1846 5138; x_wconf 95' lang='lat' dir='ltr'><strong> </strong></span> 
     </span>
    </p>
   </div>
  </div>
 </body>
</html>
