3682 5138
792 175 1022 231 -1'11-

174 361 292 427 abillo
316 369 445 427 enotata
475 381 540 425 non
571 360 648 426 satis
678 360 757 430 scite
789 381 885 426 usum
914 381 988 425 esso
1017 360 1186 448 suspicor;
1218 381 1415 450 quamquam
1440 382 1492 428 me
1522 361 1631 448 ipsum

173 477 293 542 erroris
318 477 348 541 in
373 476 489 542 codice
513 476 566 541 illo
592 476 791 542 conserendo
816 497 951 564 prorsus
982 477 1155 544 immunem
1189 477 1290 542 luisse
1323 478 1509 566 neutiquam
1535 477 1629 543 iacto.

175 591 348 659 Correctus
366 604 416 658 est
432 592 536 659 codex
554 591 681 658 duabus
698 592 861 658 manibus:
887 593 987 658 altera
1004 613 1100 660 manu
1118 594 1221 681 prima
1238 615 1301 659 oon
1318 594 1416 659 multo
1435 593 1626 672 recentiore,

174 711 274 776 altera
306 709 428 774 saeculi
457 711 525 776 XlV
555 728 639 798 quae
670 708 758 774 haud
788 728 893 796 pauca
918 729 936 774 a
960 730 1056 775 manu
1079 711 1181 797 prima
1205 710 1326 775 omissa
1351 709 1476 776 addidit
1505 711 1535 774 in
1569 709 1629 776 hae

174 845 246 891 mea
270 824 410 890 editione
435 825 527 890 uncis
551 824 716 914 quadratis
742 826 752 908 [
775 825 785 906 l
811 825 952 905 inclusa;
986 845 1071 914 quae
1096 847 1168 892 cum
1194 826 1300 891 omnia
1324 826 1392 891 1616
1417 826 1460 892 ad
1485 846 1628 912 geogra-

57 964 59 967 ·
174 940 281 1029 phiam
311 940 484 1006 Galliarum
514 942 696 1028 pertineant
728 941 778 1024 (cl.
803 960 835 1028 p.
864 940 893 1018 5,
926 939 962 1022 83
992 963 1023 1028 p.
1050 943 1079 1021 7,
1105 943 1139 1023 53
1167 940 1223 1024 ll;
1260 964 1291 1028 p.
1316 940 1346 1019 8,
1372 941 1432 1022 21;
1464 963 1498 1028 p.
1531 939 1560 1019 9,
1587 941 1627 1024 2),

123 1086 125 1090 >
177 1068 292 1145 sponte
311 1058 454 1123 nascitur
471 1055 626 1144 suspicio,
642 1057 723 1123 haec
748 1078 812 1124 uon
836 1057 877 1123 ab
902 1058 973 1145 ipso
999 1057 1089 1125 Vibio
1114 1059 1229 1146 posita,
1254 1058 1315 1124 sed
1336 1057 1376 1124 ab
1395 1057 1626 1144 interpolatore

175 1174 283 1264 aliquo
308 1173 400 1259 Gallo
424 1173 533 1240 addita
558 1195 643 1250 esse,
669 1174 946 1262 quemadmodum
969 1173 1064 1239 etiam
1087 1196 1119 1262 p.
1144 1173 1164 1238 9
1189 1198 1217 1239 u.
1255 1172 1294 1238 17
1319 1196 1416 1262 quem
1448 1175 1478 1238 in
1512 1173 1628 1241 codice

174 1291 328 1359 Vaticano
353 1311 370 1356 a
395 1310 491 1355 manu
517 1290 639 1356 saeculi
663 1291 731 1359 XlV
756 1291 785 1356 in
810 1311 924 1356 rasura
948 1289 1103 1377 scriptum
1127 1311 1203 1356 esse
1227 1290 1257 1356 in
1282 1271 1489 1357 adnotatione
1519 1290 1581 1355 dixi
1608 1309 1627 1354 a

174 1406 303 1472 librario
321 1407 429 1495 aliquo
453 1406 536 1473 illius
561 1407 684 1473 saeculi
709 1429 727 1472 6
752 1407 869 1474 codice
894 1407 1001 1495 aliquo
1026 1406 1180 1474 Prisciani
1206 1409 1255 1490 [Vl
1280 1428 1312 1494 p.
1337 1402 1415 1488 201)
1439 1405 1546 1473 inferri
1569 1426 1631 1493 po·

175 1523 232 1588 tuit
256 1523 373 1589 deletis
398 1522 435 1588 iis
460 1544 545 1611 quae
571 1522 611 1588 ab
637 1523 708 1610 ipso
735 1521 825 1591 Vibio
850 1523 970 1610 scripta
994 1523 1129 1590 fuerant.

262 1640 308 1704 Ex
338 1637 401 1705 hoc
434 1639 548 1705 codice
579 1639 642 1705 iam
670 1651 819 1707 correcto
849 1639 993 1729 reliquos
1023 1636 1175 1716 omnes1]
1206 1660 1345 1727 quorum
1376 1637 1464 1704 haud
1496 1639 1632 1725 exiguus

175 1775 251 1821 esse
276 1755 403 1822 uidetur
427 1776 581 1821 numerus
607 1756 790 1843 descriptos
815 1777 890 1822 esse
915 1767 1060 1844 apparet,
1086 1756 1208 1845 quippe
1225 1755 1279 1843 qui
1296 1766 1429 1842 praeter
1445 1753 1632 1821 scribarum

175 1872 227 1938 uel
251 1868 532 1939 coniecturas'uel
557 1872 823 1938 hallucinationes
847 1872 922 1938 nihil
951 1873 1079 1939 omnino
1105 1873 1194 1961 quod
1219 1873 1364 1959 ipsorum
1389 1871 1561 1958 proprium
1594 1869 1634 1966 sit

175 1989 367 2055 contineant.
414 1990 463 2056 Ne
491 1999 597 2055 tamen
627 1989 764 2055 leuitatis
796 1990 850 2055 uel
878 1989 1012 2055 inertiae
1041 1989 1173 2056 incuser
1197 1988 1248 2055 ab
1284 1988 1331 2054 eis
1361 1986 1545 2054 hominibus
1577 1987 1632 2076 qui

176 2105 309 2172 codices
326 2105 565 2192 manuscriptos
589 2125 761 2171 numerare
785 2126 881 2194 quam
906 2106 1091 2192 ponderare
1108 2105 1236 2183 malunt,
1255 2123 1519 2193 eorumquoque
1537 2102 1631 2170 codi-

178 2243 252 2289 cum
270 2222 448 2309 uolgarium
471 2221 526 2310 qui
542 2222 652 2310 paullo
674 2221 857 2288 accuratius
874 2222 991 2288 conlati
1013 2232 1087 2287 sunt
1109 2221 1288 2288 —codicis
1310 2219 1528 2287 bibliothecae
1552 2220 1635 2284 hm-

175 2338 386 2406 brosianae
410 2339 722 2412 Mediolanensis,
749 2338 900 2405 codicum
925 2338 1064 2405 duorum
1083 2335 1300 2403 bibliothecae
1326 2335 1575 2403 Parisiensis
1604 2346 1661 2402 et-

177 2454 301 2523 codicis
319 2455 500 2522 Hadriani
525 2453 685 2522 Relandi
703 2492 743 2501 -
760 2455 916 2521 lectiones
941 2453 1095 2540 plurimas
1120 2473 1160 2518 ex
1176 2417 1235 2520 ler.
1252 2454 1315 2518 lac.
1333 2451 1477 2518 Oberlini
1495 2451 1636 2518 editione
1668 2475 1671 2480 ¹

177 2593 262 2662 quae
286 2572 404 2659 prodiit
427 2572 626 2658 argentorati
651 2592 735 2638 anno
760 2569 1021 2638 MDCCLXXVlll
1052 2569 1167 2657 petitas
1196 2567 1363 2650 adnotaui3
1402 2589 1540 2657 quorum
1564 2589 1637 2634 om-

249 2838 269 2908 1)
292 2839 400 2906 Viginti
419 2839 522 2893 codices
541 2841 679 2893 enumerat
703 2837 845 2892 Oberlinus
869 2855 895 2906 p.
919 2837 944 2890 X
967 2853 1000 2891 ss.
1024 2853 1136 2906 quorum
1161 2854 1187 2892 n.
1213 2838 1246 2891 19
1275 2837 1408 2906 (codicem
1432 2835 1526 2891 Iacobi
1549 2835 1637 2904 Rerii)

180 2909 292 2985 eundem
306 2945 362 2984 esse
380 2928 468 2982 uideri
487 2930 567 2997 atque
581 2927 742 2982 Vaticanum
760 2943 840 2996 supra
859 2926 985 2991 diximum
1004 2943 1030 2979 u.
1052 2927 1084 2979 16
1102 2925 1147 2980 uel
1167 2927 1199 2979 17
1218 2925 1311 2994 procul
1330 2924 1410 2979 dubio
1430 2927 1471 2978 est
1489 2924 1545 2978 cod.
1560 2924 1636 2978 Sau-

178 3018 342 3088 gellensis
355 3017 421 3071 bibl.
435 3020 548 3070 monast.
562 3033 588 3069 u.
598 3016 654 3070 ’663
673 3033 740 3070 saec.
759 3016 823 3071 XVI
841 3016 990 3084 descriptus
1008 3015 1036 3068 in
1053 3013 1222 3084 praefatione
1234 3014 1363 3068 Itinerari
1376 3012 1507 3067 Antonini
1520 3012 1637 3082 Augusti

179 3124 195 3160 a
208 3107 239 3162 G.
253 3107 373 3176 Parthey
386 3110 413 3160 et
425 3107 461 3160 Μ.
475 3105 574 3160 Pinder
593 3104 661 3159 editi
678 3122 704 3174 p.
722 3105 808 3157 XXlX
817 3123 837 3159 s.
856 3103 927 3158 Addi
946 3107 1057 3174 possunt
1074 3104 1125 3158 duo
1139 3104 1242 3158 codices
1256 3101 1517 3173 Guelferbytani
1531 3103 1568 3172 (u.
1581 3103 1634 3157 813

179 3194 443 3264 61811116661111
467 3193 499 3249 de
523 3194 619 3263 quibus
638 3193 671 3247 11.
690 3193 722 3248 F.
747 3192 779 3247 Α.
803 3193 888 3249 Ehert
905 3193 1091 3248 Bibliothecae
1114 3191 1341 3263 Guelferbytanae
1365 3192 1469 3246 codices
1491 3192 1582 3262 graeci
1609 3195 1637 3245 61

178 3284 259 3339 latini
272 3284 377 3338 classici
388 3302 414 3353 p.
429 3284 488 3336 153.
504 3282 614 3338 Codices
627 3282 741 3336 Parisi
751 3298 844 3336 enses
863 3283 899 3351 (n.
917 3283 947 3335 13
966 3285 994 3336 et
1009 3283 1042 3336 14
1060 3281 1160 3349 Oberl.)
1178 3297 1262 3351 nuper
1280 3280 1334 3334 mei
1352 3281 1444 3350 gratia
1457 3280 1573 3350 inspexit
1585 3280 1636 3335 Ed.

178 3373 317 3429 Woelfflin
329 3374 371 3426 uir
383 3373 451 3426 mihi
465 3372 649 3438 amicissimus,
664 3372 726 3426 dum
738 3387 836 3441 paucos
849 3372 905 3426 dies
918 3372 1030 3425 Parisiis
1043 3374 1229 3435 commoratur,
1243 3371 1364 3438 mihique
1376 3371 1500 3424 narrauit
1519 3370 1636 3424 codicem

177 3481 203 3518 u.
218 3464 288 3516 8413
302 3462 377 3532 (olim
395 3480 420 3515 n.
440 3462 521 3530 5997)
540 3478 596 3516 esse
616 3462 785 3516 chartaceum
804 3477 872 3516 saec.
891 3462 947 3526 XV,
967 3461 1066 3515 codicis
1085 3463 1174 3515 autem
1193 3477 1219 3513 n.
1239 3459 1309 3514 4808
1333 3458 1423 3528 (quem
1442 3459 1640 3528 descripserunt

179 3554 262 3607 etiam
281 3551 313 3606 G.
326 3552 445 3621 Parthey
464 3554 492 3606 61
509 3552 545 3605 M.
564 3551 664 3605 Pinder
683 3551 711 3604 in
728 3550 843 3620 praefat.
857 3551 951 3606 Itiner.
970 3550 1068 3605 Auton.
1086 3568 1112 3620 p.
1131 3550 1201 3604 XIII
1220 3549 1253 3614 s.)
1272 3548 1338 3602 folia
1357 3549 1463 3602 80-87
1482 3547 1637 3617 quaternio·

179 3658 239 3695 nem
257 3641 421 3710 singularem
440 3657 456 3694 a
474 3640 584 3709 reliquis
602 3657 709 3710 prorsus
729 3640 863 3694 diuersum
888 3639 1034 3694 efficientia
1057 3640 1192 3694 continere
1215 3639 1294 3693 finem
1317 3638 1383 3692 libri
1402 3638 1466 3692 noni
1489 3637 1640 3706 librumque

180 3731 310 3784 decimum
328 3730 420 3784 Valeri
437 3730 548 3783 Maximi
573 3728 631 3800 (fol.
650 3727 696 3784 80³
719 3729 824 3798 incipit:
850 3729 932 3782 sima
955 3728 1152 3782 tribunatus
1174 3730 1356 3798 potestate
1384 3727 1553 3781 vallatum
1577 3730 1640 3781 est.

179 3820 376 3890 herophilus
395 3820 552 3888 aquarius
577 3820 731 3873 medicus.
757 3818 816 3872 I'ol.
836 3804 885 3872 80¹’
905 3818 953 3872 col.
974 3819 1006 3874 2:
1031 3818 1163 3873 Valerii
1181 3817 1314 3872 Maximi
1338 3817 1506 3871 factorum
1526 3819 1559 3870 et
1577 3816 1642 3870 dic·

179 3901 290 3966 torum
307 3908 583 3964 memorabilium
601 3908 691 3963 liber
709 3925 813 3962 nonus
832 3908 983 3977 explicit.
1003 3908 1139 3978 Incipit
1155 3908 1245 3962 liber
1263 3907 1339 3960 Xde
1357 3906 1642 3976 praenominibus

180 3999 260 4068 etc),
280 3999 376 4054 deinde
394 3997 440 4052 fol.
460 3997 506 4051 82³
526 3998 574 4052 col.
595 4000 619 4053 2.
644 3998 724 4052 Vibii
744 3998 894 4067 Sequestris
911 3997 1033 4051 libellum
1050 3997 1143 4052 eadem
1161 3998 1265 4052 ratione
1284 4013 1336 4066 qua
1354 3996 1383 4049 in
1402 3996 1491 4050 codice
1509 3995 1641 4051 Vaticano

180 4083 364 4159 inscrIptum3'
380 4088 494 4157 singulis
517 4091 609 4142 tamen
633 4088 761 4141 columnis
785 4087 993 4157 superscriptum
1016 4104 1089 4142 esse:
1115 4087 1205 4157 liber
1227 4086 1394 4152 decimus,
1422 4086 1451 4139 in
1475 4085 1527 4140 fine
1552 4087 1642 4140 autem

181 4179 238 4249 (fol.
252 4177 299 4233 87⁸
313 4178 361 4232 eol.
376 4178 403 4246 2)
423 4177 645 4247 subscriptionem
658 4177 790 4247 duplicem
801 4178 897 4232 hence:
922 4177 1097 4232 Feliciter
1115 4177 1210 4231 Vibii
1228 4175 1416 4244 sequestris
1435 4174 1474 4229 de
1493 4174 1642 4228 flumini-

181 4269 239 4323 bus
262 4266 416 4323 fontibus
439 4266 633 4321 nemoribus
656 4266 794 4320 lacubus
816 4265 998 4336 paludibus
1020 4265 1188 4320 montibus
1215 4282 1274 4335 per
1303 4265 1445 4318 litteras
1469 4263 1643 4333 explicita

91 4349 92 4352 ¹
182 4362 267 4412 sunt.
303 4357 436 4412 Valerii
459 4357 592 4410 maximi
616 4356 783 4411 factorum
807 4359 842 4410 et
870 4355 1038 4410 dictorum
1069 4355 1338 4410 memorabilium
1367 4353 1459 4408 liber
1489 4352 1643 4423 explicit.

181 4451 248 4505 Deo
267 4446 413 4518 gratias
433 4448 544 4503 Amen.
561 4445 639 4502 'aot
658 4434 708 4502 87¹³
727 4447 840 4517 denique
858 4462 971 4502 uacuum
989 4461 1054 4502 esse.
